3310 5098
287 425 329 491 86
839 430 908 489 ΠΗ

287 597 351 660 tari
371 605 512 682 possent,
534 603 566 658 et
579 595 692 660 omnia
709 593 848 676 deerant,
872 615 955 678 quae
978 591 1021 658 ad
1037 590 1228 656 reficiendas
1245 611 1345 654 naues
1368 601 1461 656 erant

288 682 377 763 usui,
399 691 447 763 et,
471 679 559 766 quod
581 677 731 744 omnibus
754 677 924 744 constabat
950 677 1084 743 hiemari
1114 677 1148 739 in
1170 674 1280 741 Gallia
1302 687 1459 762 oportere,

289 766 485 831 frumentum
507 764 557 828 his
579 765 614 827 in
635 762 715 829 loeis
737 765 771 828 in
792 764 931 828 hiemem
952 763 1121 848 prouisum
1142 783 1208 826 non
1229 769 1306 826 erat.

261 850 278 912 1
375 849 484 914 XXX.
515 847 643 930 Quibus
672 847 769 913 rebus
801 849 939 933 cognitis
969 847 1132 934 principes
1163 846 1368 928 Britanniae,
1402 849 1459 932 qui

289 946 363 1022 post
377 933 536 1021 proelium
554 933 597 998 ad
615 932 788 998 Caesarem
807 943 1030 1015 conuenerant,
1051 933 1134 996 inter
1147 953 1181 996 se
1198 930 1367 1013 conlocuti,
1385 953 1459 996 curn

290 1021 413 1106 equites
435 1029 466 1086 et
487 1041 586 1119 naues
610 1028 640 1084 ot
662 1017 858 1084 frumentum
880 1019 1035 1118 Romanis
1056 1017 1167 1081 deesse
1184 1014 1406 1101 intellegerent
1428 1028 1459 1082 et

259 1114 485 1256 Abiit
503 1103 1487 1274 ttffittttt‘j‘ttttttttimtttttntttt⁵

289 1275 432 1360 legiones
454 1283 744 1360 hanaportauerat,
776 1275 934 1359 optimum
957 1272 1047 1338 factu
1070 1294 1139 1336 osse
1162 1271 1336 1353 duxerunt,
1358 1271 1457 1337 rebel·

289 1359 374 1425 lione
396 1360 485 1425 facta
506 1358 666 1425 frumento
689 1368 936 1443 commeatuque
956 1368 1084 1423 nostros
1102 1353 1274 1442 prohibere
1291 1366 1322 1421 et
1339 1379 1408 1420 rem
1425 1359 1459 1421 in

289 1445 427 1510 hiemem
457 1443 652 1531 producere,
683 1443 772 1544 quod
801 1444 840 1508 iis
872 1444 1029 1528 superatis
1061 1450 1118 1506 aut
1147 1439 1252 1506 reditu
1281 1441 1459 1507 interclusis

289 1531 449 1596 neminem
466 1538 581 1615 postea
594 1527 673 1593 helli
690 1528 847 1593 mferendi
865 1549 964 1592 eausa
983 1529 1017 1592 in
1031 1527 1233 1592 Britanniam
1250 1528 1459 1592 transitruum

291 1613 506 1680 confidebant.
545 1614 661 1699 Itaque
682 1636 793 1678 narsus
816 1614 1035 1678 coniuratione
1056 1611 1142 1676 facta
1163 1610 1321 1696 paulatim
1343 1634 1385 1676 ex
1407 1634 1458 1678 oa·
1471 1616 1510 1674 10

291 1702 364 1766 stris
387 1699 550 1764 discedere
573 1720 608 1764 ao
631 1721 706 1764 suos
729 1698 812 1763 clam
835 1720 878 1762 ex
900 1699 987 1783 agris
1010 1696 1168 1762 deducere
1191 1707 1373 1783 coeperunt.

262 1784 279 1845 1
377 1783 503 1848 ΧΧΧΙ.
525 1783 571 1847 At
585 1782 715 1866 Caesar,
737 1784 797 1848 etsi
812 1782 956 1848 nondum
974 1804 1086 1848 eorum
1101 1781 1235 1847 consilia
1252 1792 1459 1868 cognouerat,

290 1881 399 1936 tamen
421 1879 452 1934 et
479 1891 520 1933 ex
549 1878 666 1933 euentu
688 1870 822 1933 nauium
844 1889 975 1932 suarum
997 1877 1028 1932 et
1057 1889 1099 1930 ex
1127 1889 1179 1949 co,
1211 1867 1300 1952 quod
1330 1865 1459 1933 obsides

260 1955 369 2020 2dare
390 1955 635 2035 intermiserant,
657 1953 727 2018 fore
747 1953 790 2035 id,
813 1952 901 2038 quod
924 1953 1048 2034 accidit,
1071 1951 1304 2038 suspicabatur.
1343 1952 1459 2038 Itaque

292 2040 334 2105 ad
356 2061 467 2105 omnes
490 2061 584 2103 casus
606 2037 753 2103 subsidia
775 2061 847 2103 corn
872 2037 995 2103 arabat.
1038 2036 1124 2102 Nam
1145 2047 1178 2104 et
1198 2037 1394 2102 frumentum
1417 2059 1460 2102 ex

292 2127 379 2210 agris
398 2123 528 2190 cottidie
550 2125 583 2188 in
604 2133 711 2188 castra
729 2061 915 2188 conferebat
933 2132 972 2205 et,
992 2144 1075 2208 quae
1090 2124 1293 2208 grauissume
1309 2121 1488 2189 adflictae5

291 2219 382 2274 erant
403 2232 513 2291 naues,
536 2231 646 2274 earum
668 2209 804 2274 materia
827 2217 923 2293 atque
947 2230 1019 2273 aere
1042 2207 1085 2271 ad
1106 2207 1248 2294 reliquas
1269 2207 1459 2272 reficiendas

290 2294 442 2360 utebatur
464 2305 504 2376 ct,
526 2316 611 2379 quae
634 2291 675 2358 ad
698 2316 752 2358 eas
774 2316 824 2359 res
847 2302 938 2357 erant
958 2294 1044 2374 usui,
1066 2314 1107 2357 ex
1129 2293 1304 2358 continenti
1324 2316 1459 2379 conpor-

263 2380 355 2446 3tari
376 2378 516 2444 iubebat.
559 2379 688 2464 Itaque,
719 2401 792 2444 cum
815 2401 940 2442 summo
968 2378 1073 2443 studio
1102 2401 1122 2442 a
1148 2377 1302 2442 militibus
1326 2377 1459 2443 admini-

292 2475 459 2547 straretur,
485 2463 553 2528 XII
574 2464 713 2529 nauibus
736 2465 875 2545 amissis,
905 2462 1037 2548 reliquis
1059 2473 1095 2527 ut
1120 2464 1271 2548 nauigari
1291 2463 1460 2528 commode

291 2561 410 2637 posset,
433 2550 545 2614 effecit
1471 2551 1514 2609 10

267 2639 282 2700 1
378 2635 523 2699 XXXII.
545 2635 634 2698 Dum
657 2655 696 2698 ea
722 2643 890 2718 genmtur,
921 2633 1048 2717 legione
1073 2655 1115 2697 ex
1142 2632 1370 2698 consuetudine
1394 2655 1461 2696 una

294 2720 523 2785 frumentatum
545 2719 653 2800 missa,
676 2740 760 2804 quae
782 2716 1008 2804 appellabatur
1029 2719 1179 2804 septima,
1200 2740 1304 2803 neque
1330 2717 1396 2782 ulla
1419 2717 1461 2782 ad

294 2805 328 2869 id
354 2814 481 2888 tempus
508 2801 585 2867 belli
607 2804 788 2888 suspicione
809 2804 1009 2888 interposita,
1041 2826 1115 2866 oum
1140 2825 1216 2888 pars
1238 2803 1406 2868 hominum
1427 2805 1460 2866 in

296 2890 382 2974 agris
400 2897 586 2970 remaneret,
608 2909 684 2973 pars
703 2889 800 2952 etiarn
819 2889 852 2951 in
870 2897 976 2952 castra
991 2889 1168 2970 uentitaret,
1190 2888 1222 2969 ii,
1237 2889 1293 2973 qui
1309 2911 1368 2974 pro
1386 2911 1460 2973 por-

294 2976 335 3039 tis
358 2983 536 3038 castrorum
557 2974 591 3037 in
609 2974 745 3036 statione
768 2982 866 3055 erant,
889 2971 1020 3038 Caesari
1043 2974 1271 3038 nuntiauerunt
1292 2972 1489 3058 puluerem5

294 3059 458 3139 maiorem,
486 3081 584 3144 quam
606 3057 803 3122 consuetudo
822 3057 927 3140 ferret,
949 3059 982 3121 in
1009 3080 1048 3122 ea
1064 3068 1157 3144 parte
1174 3058 1286 3139 uideri,
1309 3080 1406 3144 quam
1426 3059 1460 3120 in

265 3147 419 3230 2pa1tem
452 3141 536 3228 legio
567 3144 627 3208 iter
654 3142 789 3207 fecisset.
833 3142 953 3209 Cacsar
979 3142 1021 3225 id,
1053 3143 1243 3228 quoderat,
1269 3145 1460 3228 suspicatus,

295 3313 335 3368 12.
353 3327 435 3367 naues
453 3314 530 3366 eraut
548 3312 607 3366 usui
625 3331 644 3367 α
662 3328 706 3366 aas
724 3313 785 3365 usui
802 3317 866 3368 sunt
883 3317 903 3385 β
945 3313 985 3368 13.
1004 3311 1116 3367 hiemari
1133 3317 1154 3383 β
1169 3311 1286 3367 hiemare
1305 3332 1322 3368 α
1359 3314 1399 3367 14.
1418 3313 1460 3366 his

294 3397 509 3468 mummi

363 3515 450 3584 XXX,
468 3517 492 3570 1.
510 3513 659 3570 brittaniae
677 3514 703 3569 A
721 3514 852 3570 britaniae
870 3514 899 3569 Β
949 3516 1120 3585 aprutium
1138 3516 1167 3571 Β
1200 3477 1285 3586 filium
1303 3516 1330 3570 A
1347 3517 1459 3586 prelium

293 3601 394 3656 iactum
415 3605 436 3673 β
474 3599 509 3654 ad
527 3614 659 3654 caesarem
678 3620 697 3656 α
714 3601 747 3655 ad
766 3617 797 3655 ea
821 3616 886 3669 quae
904 3601 1019 3656 iusserat
1037 3617 1126 3656 caesar
1143 3601 1266 3657 facienda
1284 3609 1302 3670 β
1343 3601 1368 3656 3.
1387 3603 1461 3671 equi-

1014 3698 1028 3724 V

293 3741 337 3792 tes
355 3757 374 3794 α
392 3740 420 3792 et
439 3737 578 3806 equitesrt
620 3738 644 3792 6.
662 3737 737 3791 iactu
754 3739 790 3792 A'
808 3737 907 3792 Iactum
925 3736 954 3792 B
996 3737 1120 3793 dixerunt
1137 3739 1164 3793 A
1205 3738 1229 3792 8.
1248 3738 1282 3792 iis
1300 3734 1358 3804 (us
1375 3737 1414 3792 M
1427 3737 1460 3792 irs

292 3821 330 3890 Β)
349 3841 368 3877 α
390 3821 414 3876 is
434 3823 460 3876 Τ
511 3822 536 3877 9.
555 3821 712 3876 brittaniam
729 3823 756 3877 A
783 3823 927 3878 britaniam
945 3823 974 3878 Β
1031 3824 1071 3878 10.
1089 3822 1258 3879 confidebant
1281 3823 1336 3891 Ati
1353 3822 1461 3877 conflte-

294 3907 362 3962 bant
378 3905 415 3961 B‘
451 3907 491 3962 11.
510 3922 541 3961 ac
558 3907 597 3961 ed.
616 3906 694 3962 Rom.
713 3925 739 3962 a.
758 3911 827 3964 1469
844 3911 893 3963 aut
911 3928 930 3964 α
948 3913 975 3962 et
994 3915 1019 3978 β.

361 3991 461 4046 ΧΧΧΙ.
480 3993 504 4047 1.
515 3992 552 4046 It
569 3992 604 4045 A‘
622 3991 664 4045 Ad
682 3990 720 4045 B‘
744 3993 769 4047 4.
779 3992 948 4063 comparabat
965 3993 993 4046 A
1010 3993 1240 4062 conparabatMB
1273 3993 1297 4048 5.
1309 3991 1419 4047 cottidie
1433 3992 1459 4045 A

293 4075 460 4132 cotidicMB
494 4077 664 4147 grauisstmo‘
684 4076 714 4132 Β
729 4077 893 4146 grauissima
910 4077 936 4132 A
953 4078 1111 4147 manissime
1129 4083 1185 4134 cett.
1213 4077 1338 4133 adflictae
1356 4080 1432 4132 orant
1443 4097 1461 4133 o

293 4162 370 4216 erant
387 4161 504 4216 afflictae
523 4169 541 4229 β
580 4163 604 4218 7.
622 4161 772 4231 conportari
796 4182 815 4218 α
837 4163 984 4231 comparari
1003 4171 1021 4232 β
1063 4165 1088 4218 9.
1106 4162 1231 4232 nauigari
1250 4182 1267 4218 α
1285 4163 1415 4231 nauigare
1434 4169 1459 4230 β.

360 4243 475 4300 XXXII.
494 4246 519 4300 2.
537 4245 686 4301 frurfitaum
695 4247 729 4300 A'
764 4247 788 4301 3.
808 4247 1037 4316 (tem)‘tompnsB
1071 4248 1095 4303 4.
1115 4248 1134 4302 ii
1154 4268 1172 4304 α
1189 4247 1254 4316 his
1288 4247 1346 4317 pro]
1364 4246 1460 4316 porB¹

291 4330 317 4384 5.
334 4331 528 4386 nuntiauerunt
546 4331 698 4397 (nunciaret
715 4331 759 4400 Μ)
777 4351 795 4388 α
812 4331 1034 4388 renuntiauerant
1052 4341 1070 4403 β
1121 4336 1145 4391 7.
1164 4332 1227 4400 iter}
1251 4333 1324 4389 inter
1341 4331 1459 4401 Apr.B¹.
