3316 5100
767 390 818 447 III
1336 385 1377 449 57

298 550 389 615 VIII.
407 550 513 614 Huius
532 560 579 615 est
597 552 737 615 ciuitatis
755 549 851 637 longo
870 576 923 617 am
946 553 1068 618 lissima
1083 556 1258 619 auctoritas
1276 555 1407 618 omnis]

213 659 290 701 orae
311 637 492 701 maritimae
513 637 682 721 regionum
705 657 825 719 aarum,
848 575 944 722 quod
957 647 989 702 et
1006 661 1106 703 naues
1128 638 1249 704 habent
1263 640 1383 704 Veneti

212 721 378 807 plurimas,
401 719 518 806 quibus
540 722 575 783 in
595 721 798 785 Britanniam
820 723 977 807 nauigare
999 734 1200 806 consuerunt,
1228 733 1259 788 et
1282 727 1379 789 scien-

213 809 259 870 tia
277 816 374 892 atque
389 828 451 870 usu
463 806 666 870 nauticarum
680 828 788 870 rerum
800 805 942 893 reliquos
961 809 1152 873 antecedunt
1165 811 1243 874 etin
1260 832 1379 895 magno

185 893 334 976 5impetu
367 891 465 955 maris
492 900 588 975 atque
610 901 735 976 aperto,
765 894 877 976 paucis
906 891 1055 978 portibus
1084 895 1267 976 interiectis,
1322 917 1380 959 uos

213 984 321 1040 tenent
342 976 406 1060 ipsi
413 1023 421 1054 ,
454 997 564 1040 omnes
587 975 666 1058 fere,
697 977 752 1061 qui
783 997 819 1040 eo
843 979 926 1041 mari
956 979 1004 1042 uti
1025 988 1230 1059 consuerunt,
1261 917 1381 1044 habent

214 1058 397 1145 uectigales.
439 1059 492 1124 Ab
524 1060 574 1124 his
600 1059 638 1124 fit
667 1062 794 1126 initium
825 1062 982 1126 retinendi
1014 1062 1084 1128 Silii
1118 1071 1214 1148 atque
1244 1063 1409 1142 Velanii,2
1641 1019 1642 1032 l

215 1144 302 1230 quod
320 1167 379 1231 per
401 1168 455 1210 eos
482 1167 556 1210 suos
575 1167 609 1209 se
632 1145 768 1224 obsides,
788 1167 869 1231 quos
892 1146 1010 1212 Crasso
1033 1146 1204 1227 dedissent,
1226 1150 1381 1234 recipera-

214 1238 303 1294 turos
326 1229 562 1296 existimabant.
596 1230 723 1295 Horum
741 1233 931 1296 auctoritate
945 1231 1073 1296 finitimi
1092 1229 1232 1313 adducti,
1254 1242 1290 1296 ut
1309 1232 1410 1296 sunt3

165 1325 205 1384 10
215 1314 385 1380 Gallorum
403 1315 511 1380 subita
524 1325 555 1380 et
575 1319 743 1401 repentina
761 1315 902 1399 consilia,
920 1317 1034 1382 eadem
1052 1317 1093 1381 de
1110 1337 1208 1382 causa
1225 1316 1380 1382 Trebium

101 1481 104 1488 Ι
213 1399 499 1486 Terrasidiumque
528 1401 678 1483 retinent,
709 1411 740 1466 et
762 1401 904 1467 celeriter
933 1404 1038 1466 missis
1071 1401 1187 1486 legatis
1217 1424 1275 1487 per
1306 1424 1380 1467 suos

213 1486 375 1571 principes
393 1487 475 1550 inter
493 1508 527 1551 se
545 1488 721 1568 coniurant,
744 1485 825 1550 nihil
841 1489 903 1551 nisi
920 1489 1083 1551 communi
1101 1486 1232 1551 consilio
1252 1496 1380 1552 acturos

160 1642 162 1646 .
213 1570 414 1656 eundemque
445 1573 549 1636 omnis
576 1571 724 1636 fortunae
756 1573 879 1636 exitum
910 1595 980 1636 esse
1010 1572 1145 1653 laturos
1175 1571 1381 1657 reliquasque

213 1656 360 1720 ciuitates
383 1655 562 1738 sollicitant,
584 1665 620 1720 ut
640 1659 674 1720 in
696 1679 734 1721 ea
755 1656 911 1739 libertate,
934 1678 1033 1743 quam
1056 1680 1076 1720 a
1097 1656 1273 1721 maioribus
1292 1654 1412 1722 aoced

166 1748 203 1806 15
213 1749 336 1886 perant,
357 1762 547 1825 permanere
569 1763 668 1827 quam
689 1741 910 1807 Romanorum
933 1744 1118 1808 seruitrtem
1139 1742 1280 1827 perferre
1301 1741 1380 1806 mal-

226 1834 286 1888 ent.
318 1823 416 1890 Omni
434 1847 492 1890 ora
508 1828 670 1891 maritima
688 1825 832 1891 celeriter
850 1827 892 1892 ad
910 1851 1002 1893 suam
1021 1827 1211 1892 sententiam
1225 1824 1411 1912 perducta-⁷>

214 1931 417 1974 communem
448 1909 643 1995 legationem
670 1912 712 1976 ad
732 1911 885 1976 Publium
908 1912 1061 1978 Crassum
1083 1913 1224 1992 mittunt,
1256 1913 1282 1976 si
1303 1911 1382 1976 uelit

214 2016 289 2058 suos
311 1996 376 2059 reci
400 2018 460 2077 ere,
483 1996 611 2061 obsides
635 1996 697 2061 sibi
714 1998 865 2062 remittat.

302 2079 334 2143 V
388 2081 413 2144 Ι.
437 2080 564 2162 Quibus
586 2081 627 2145 de
653 2080 750 2147 rebus
773 2081 894 2147 Caesar
916 2082 958 2146 ab
982 2081 1098 2148 Crasso
1127 2083 1242 2146 certior
1268 2080 1409 2163 factus]

236 2163 302 2228 uod
321 2166 391 2250 ipse
414 2165 527 2232 aberat
557 2165 699 2251 longius,
729 2189 830 2232 naues
852 2169 980 2232 interim
1009 2165 1125 2251 longas
1152 2165 1318 2232 aedificari
1348 2168 1382 2230 in

214 2186 345 2314 lumine
363 2250 490 2336 Ligere,
513 2251 602 2337 quod
619 2250 725 2316 influit
745 2253 779 2315 in
798 2251 975 2333 Oceanum,
996 2253 1077 2316 remi
1101 2274 1134 2315 es
1156 2273 1198 2316 ex
1238 2253 1382 2316 rouincia

215 2335 350 2415 institui,
371 2345 487 2400 nautas
514 2335 809 2422 gubernatoresque
836 2338 1020 2421 comparari
1045 2274 1143 2400 iubet.
1196 2273 1258 2399 llis
1284 2333 1411 2400 rebus2

187 2417 359 2482 sceleriter
378 2419 608 2485 administratis
629 2422 707 2505 ipse,
739 2442 813 2484 cum
834 2422 976 2506 primum
997 2443 1056 2506 per
1079 2421 1153 2484 anni
1176 2429 1302 2504 tempus
1324 2441 1381 2504 po·

214 2503 283 2584 tuit,
306 2501 348 2566 ad
372 2506 548 2569 exercitum
565 2504 738 2570 contendit.
779 2504 896 2569 Veneti
913 2505 1056 2591 reliquae
1079 2525 1120 2568 ue
1140 2505 1218 2568 item
1236 2503 1410 2570 ciuitates3

215 2589 344 2672 cognito
361 2587 510 2654 Caesaris
529 2589 670 2655 aduentu
689 2589 851 2673 [certiores
869 2590 970 2673 faotil,
994 2592 1053 2654 sim
1108 2589 1203 2674 quod,
1227 2599 1381 2674 quantum

214 2673 248 2736 in
259 2694 294 2736 se
310 2674 433 2738 facinus
452 2674 664 2757 admisissent,
681 2673 920 2759 intellegebant,
937 2675 1074 2761 legatos,
1097 2674 1184 2761 quod
1202 2696 1320 2740 nomen
1338 2675 1380 2739 ad
1489 2724 1491 2728 .

215 2779 325 2822 omnes
338 2758 484 2824 nationes
498 2769 644 2824 sanctum
657 2759 915 2846 inuiolatumque
924 2782 1050 2846 semper
1058 2760 1177 2838 fuisset,
1188 2769 1327 2825 retentos
1337 2759 1379 2824 ab

166 2850 206 2908 10
215 2864 249 2906 se
271 2844 356 2906 etin
377 2844 485 2909 uincla
508 2847 677 2927 coniectos,
698 2868 758 2931 pro
781 2845 1004 2930 magnitudine
1025 2843 1159 2930 periculi
1180 2843 1302 2909 bellum
1323 2867 1381 2930 pa-

213 2949 286 2991 rare
309 2937 341 2992 et
361 2930 504 2993 maxime
526 2953 572 3012 ea,
595 2953 679 3016 quae
697 2931 740 2994 ad
757 2952 852 2994 usum
869 2932 1002 2995 nauium
1019 2932 1187 3016 pertinent,
1208 2929 1381 3015 prouidere

216 3012 396 3094 instituunt,
419 3013 481 3080 hcc
502 3018 625 3081 malcre
647 3038 717 3100 spe,
749 3015 836 3102 quod
858 3014 994 3080 multum
1016 3025 1133 3079 natura
1155 3013 1219 3078 loci
1241 3015 1379 3080 confide-

213 3096 301 3160 bant.
343 3097 509 3164 Pedestria
541 3123 609 3166 esse
631 3103 747 3166 itinera
778 3101 907 3166 concisa
930 3102 1109 3182 aestuariis,
1139 3097 1409 3184 nauigationem4

281 3375 353 3426 VIII.
371 3370 396 3424 3.
413 3369 545 3424 brittania
562 3371 591 3425 Β
607 3371 725 3426 britania
742 3370 780 3425 Μ
798 3371 930 3437 dsuatneli
946 3371 973 3425 A
1006 3371 1031 3424 4.
1050 3369 1216 3423 nauticarum
1233 3385 1320 3423 rernm
1338 3385 1378 3426 re·

212 3452 299 3522 liquos
316 3454 357 3508 ed.
376 3453 455 3510 Rom.
474 3458 543 3510 1469
561 3456 731 3511 nantIrarum
748 3456 865 3526 reliquos
885 3476 903 3511 α
929 3471 1018 3510 rerum
1044 3454 1211 3508 nauticarum
1228 3457 1345 3508 caeteros
1360 3459 1381 3524 β

214 3589 237 3642 r.
256 3538 365 3644 finitis
382 3590 410 3646 Β
460 3591 528 3645 surr
545 3592 578 3646 x
618 3552 736 3663 nadair
755 3591 782 3645 A
807 3589 908 3645 asana
924 3590 960 3645 A
983 3588 1094 3643 usuam
1112 3587 1147 3644 a‘
1165 3589 1264 3642 uetans
1281 3589 1378 3658 (usiani

217 3725 248 3795 Τ)
266 3727 295 3780 et
313 3726 401 3795 quuos
418 3727 576 3796 intercipere
593 3729 738 3797 potuerunt
756 3731 776 3796 β
807 3727 832 3782 8.
850 3675 916 3796 quod
933 3723 962 3780 Β
996 3726 1187 3794 roatpereturos
1204 3744 1223 3780 α
1240 3740 1377 3795 recupera·

212 3813 286 3866 turos
304 3811 361 3884 flB²
396 3811 437 3866 11.
453 3802 497 3866 tra
515 3811 585 3868 sibiu
602 3828 633 3882 q:
651 3811 678 3866 A
712 3812 753 3869 13.
780 3811 909 3866 relaturos
927 3809 955 3865 Β
990 3811 1031 3865 14.
1057 3813 1212 3878 acceperant
1238 3829 1256 3865 α
1274 3825 1378 3880 accepe-
1496 3847 1498 3854 ·

212 3897 307 3968 riutss
357 3898 398 3952 15.
416 3898 529 3953 mallent
547 3917 566 3952 α
583 3899 718 3966 malintss
751 3898 791 3952 18.
809 3897 924 3966 recipere
942 3895 1003 3950 ΜΒ
1020 3911 1173 3964 recuperare
1190 3899 1216 3966 β,
1234 3910 1284 3949 om.
1303 3894 1329 3948 A
1442 3917 1444 3920 ·

281 3987 366 4038 VIIII.
392 3984 417 4038 3.
435 3983 518 4052 figere
537 4003 556 4038 α
573 3983 651 4050 ligeri
673 3981 735 4038 UB⁹
751 3980 842 4050 ligeris
865 3983 890 4034 Τ
928 3983 957 4036 iu
975 4001 1002 4044 a,
1020 3984 1108 4053 emp
1148 3980 1271 4050 remiges]
1289 3997 1377 4049 regem

212 4067 280 4137 Apr.
315 4069 340 4121 4.
358 4068 503 4136 comparari
520 4068 555 4121 A‘
572 4067 677 4136 operari
694 4067 722 4122 B
739 4067 847 4137 conpari
865 4065 893 4122 R
927 4067 950 4122 6.
961 4064 1088 4135 Uestale)
1103 4064 1130 4119 A
1147 4065 1240 4120 Uenti
1255 4063 1284 4119 B
1317 4065 1379 4118 reli·

213 4221 340 4292 quaeque
357 4203 385 4258 B
419 4206 443 4259 t.
461 4204 587 4259 certiores
613 4203 688 4274 lacti]
715 4203 765 4258 del.
783 4202 871 4258 Aldus
906 4203 930 4257 8.
948 4163 1135 4258 aedmidissent
1160 4200 1187 4254 A
1230 4201 1274 4255 10.
1290 4201 1379 4254 uiuela

212 4290 314 4347 MB⁴U
327 4289 435 4344 uincula
451 4289 508 4344 AT
539 4292 580 4347 11.
599 4306 680 4360 eaque
698 4290 733 4344 A‘
773 4289 813 4343 12.
832 4287 953 4344 iustituII
970 4286 1075 4357 MpaR
1114 4285 1155 4340 13.
1172 4284 1335 4354 naugatione
1352 4285 1379 4338 A
