3308 5090
759 449 841 508 VIII
1321 445 1384 511 209

218 611 324 676 subito
359 612 501 676 aduentu
542 613 610 677 siue
643 614 867 697 expectatione
909 614 1010 677 nostri
1044 613 1171 678 consilii
1202 617 1312 701 copias
1343 617 1387 680 in-

188 704 344 761 5struunt
365 720 425 782 pro
450 698 563 761 castris
584 719 643 762 nec
670 697 742 761 loco
775 698 938 782 superiore
962 696 1128 763 decedunt.
1173 698 1307 780 Caesar,
1329 699 1416 765 etsi?

217 781 370 846 dimicare
408 790 588 863 otauerat,
623 792 731 846 tamen
772 781 949 846 admiratus
989 790 1112 847 tantam
1148 784 1387 849 multitudinem

215 866 357 930 hostium
379 805 466 930 uado
492 867 676 931 intermissa
697 867 803 951 magis
827 867 859 929 in
883 866 1085 932 altitudinem
1109 867 1261 968 depressa
1289 892 1386 954 quam

215 950 280 1015 late
297 960 427 1036 patente
449 961 556 1014 castra
579 953 693 1016 castris
715 951 855 1015 hostium
878 951 1006 1016 confert
1037 951 1129 1016 Haec
1150 954 1415 1038 imperatuallod

216 1035 336 1121 pedum
376 1035 547 1101 duodecim
577 1037 704 1118 muniri,
743 1035 910 1101 loriculam
967 1059 1003 1100 ro
1038 1038 1186 1119 portione
1217 1040 1284 1102 eius
1317 1039 1386 1103 aiti-

167 1126 207 1183 10
216 1119 335 1184 tudinis
354 1120 560 1201 inaedificari,
578 1120 700 1185 fossam
718 1120 880 1206 duplicem
889 1058 1011 1205 pedum
1020 1120 1139 1185 denum
1159 1124 1291 1207 quinum
1310 1123 1386 1188 late-

215 1203 306 1269 ribus
338 1205 377 1269 de
400 1206 475 1269 rimi
497 1206 649 1288 derectis,
680 1207 777 1269 turris
809 1205 945 1269 excitari
977 1205 1107 1270 crebras
1130 1208 1163 1270 in
1186 1206 1387 1272 altitudinem

216 1291 315 1353 trium
337 1229 565 1372 tabulatorum,
597 1289 751 1390 pontibus
782 1290 925 1354 traiectis
956 1274 1192 1378 constratisque
1217 1293 1386 1377 coniungi,

238 1397 355 1439 uorum
386 1374 506 1440 frontes
533 1376 676 1440 uimmea
704 1374 835 1441 loricula
863 1376 1074 1457 munirentur,
1104 1385 1141 1438 ut
1163 1375 1204 1440 ab
1238 1375 1386 1441 hostibus

216 1396 339 1544 duplici
361 1459 458 1542 fossa,
480 1459 602 1545 duplici
611 1468 890 1546 propugnatorum
901 1459 1013 1524 ordine
1036 1460 1288 1542 defenderentur,
1307 1461 1415 1547 quo-4

168 1553 286 1607 lirum
315 1543 396 1608 alter
418 1567 459 1609 ex
487 1544 655 1631 pontibus,
679 1567 742 1630 quo
766 1547 866 1609 tutior
888 1543 1056 1609 altitudine
1080 1555 1172 1628 esset,
1201 1546 1263 1610 hoc
1286 1546 1384 1610 auda-

216 1630 283 1692 cius
305 1628 358 1694 lon
384 1630 498 1714 iusque
519 1631 718 1715 permitteret
744 1628 817 1711 tela,
847 1628 935 1710 alter,
966 1632 1022 1714 qui
1047 1631 1181 1715 propior
1203 1631 1328 1695 hostem
1351 1631 1385 1694 in

215 1715 286 1799 ipso
309 1651 397 1778 uallo
421 1713 606 1780 conlocatus
629 1723 723 1795 esset,
745 1723 842 1800 ponte
865 1713 907 1777 ab
930 1713 1144 1779 incidentibus
1167 1715 1237 1780 telis
1264 1725 1384 1801 tegere-

215 1807 274 1862 tur.
316 1798 423 1862 Portis
454 1799 538 1863 fores
562 1798 691 1864 altiores
715 1820 756 1862 ue
778 1808 880 1863 turres
903 1799 1052 1884 inposuit

300 1882 340 1945 X.
362 1883 468 1947 Huius
490 1884 676 1949 munitionis
694 1821 820 1970 duplex
843 1893 912 1947 erat
943 1884 1123 1947 consilium.
1173 1883 1259 1947 Nam
1282 1905 1323 1948 ue
1354 1885 1412 1948 etl

216 1989 349 2053 operum
381 1968 638 2052 magnitudinem
674 1980 706 2033 et
742 1970 890 2034 timorem
922 1991 1015 2032 suurn
1047 1967 1200 2053 sperabat
1229 1905 1383 2032 fiduciam

215 2051 365 2116 barbaris
384 2052 565 2135 allaturum,
584 2064 616 2118 et
637 2075 711 2117 cum
729 2052 921 2139 pabulatum
939 2053 1233 2138 frumentatumque
1255 2053 1383 2138 longius

214 2147 297 2202 esset
314 2137 594 2223 proficiscendum,
620 2139 731 2224 paruis
754 2160 791 2202 co
817 2140 857 2202 iis
876 2147 984 2201 castra
1001 2139 1179 2202 munitione
1203 2139 1276 2223 ipsa
1293 2138 1383 2202 uide-

186 2221 272 2291 obas
293 2245 389 2308 posse
408 2223 544 2288 defendi.
588 2224 721 2287 Interim
739 2162 853 2287 crebro
876 2223 990 2307 paucis
1011 2223 1174 2369 utrimque
1194 2224 1412 2307 procurren2

213 2305 301 2370 tibus
323 2309 406 2371 inter
426 2307 506 2372 bina
528 2317 634 2371 castra
663 2307 782 2393 palude
806 2308 971 2371 interiecta
993 2316 1107 2370 conten
1131 2305 1257 2388 ebatur3
1285 2328 1383 2392 quarn

214 2401 322 2454 tamen
340 2392 493 2476 paludem
505 2414 748 2476 nonnumquam
767 2401 823 2456 aut
839 2400 951 2454 nostra
970 2390 1093 2454 auxilia
1113 2390 1190 2474 [aut]
1211 2389 1383 2455 Gallorum

215 2475 517 2560 Germanorumque
538 2475 719 2540 transibant
737 2478 906 2560 acriusque
927 2475 1035 2540 hostes
1048 2473 1312 2559 insequebantur,
1329 2484 1384 2538 aut
1489 2489 1491 2494 ’

214 2561 357 2623 uicissim
375 2561 483 2625 hostes
505 2560 618 2625 eadem
636 2563 828 2645 transgressi
845 2568 972 2624 nostros
991 2559 1119 2644 longius
1138 2557 1383 2624 submouebant.

165 2657 202 2712 10
213 2643 394 2709 Accidebat
425 2654 534 2709 autem
564 2645 734 2710 cotidianis
765 2643 1031 2730 pabulationibus
1056 2643 1102 2725 (id
1129 2642 1216 2728 quod
1238 2643 1411 2709 accidere3

213 2740 284 2794 erat
304 2752 442 2812 necesse,
465 2753 538 2794 cum
560 2732 643 2795 raris
665 2730 871 2814 disiectisque
889 2752 931 2792 ex
951 2728 1106 2793 aedificiis
1128 2727 1285 2814 pabulum
1308 2750 1381 2793 con-

213 2816 416 2901 quireretur),
438 2825 475 2879 ut
495 2815 647 2901 inpeditis
675 2815 756 2880 locis
779 2814 918 2899 dispersi
939 2813 1149 2898 pabulatores
1172 2813 1381 2878 circumueni-

210 3001 235 3054 4.
255 2999 311 3054 sine
330 3000 376 3072 Ap
392 3018 438 3055 seu
455 3000 524 3055 ΜΒ
559 3002 583 3055 9.
602 3000 738 3055 duodecim
758 3019 775 3052 a
811 3003 914 3066 xus
949 2997 1047 3051 muniri
1064 3005 1082 3065 β
1099 2998 1202 3052 munire
1222 3018 1240 3050 α
1274 2997 1380 3052 horicu-

210 3085 264 3138 lam
282 3101 327 3153 pro
344 3086 395 3139 hac
413 3087 486 3152 (haec
504 3085 548 3155 A)
565 3086 667 3140 ratione
678 3086 734 3139 eius
752 3083 906 3139 altitudinis
925 3103 942 3135 α
959 3083 1060 3137 coronis
1079 3089 1096 3150 β
1130 3083 1302 3151 hacreticus]
1322 3099 1380 3152 por·

209 3169 281 3224 tione
299 3169 413 3240 Mudoip
448 3172 488 3225 10.
507 3170 602 3224 denum
622 3170 731 3239 quinum
751 3189 768 3220 α
786 3169 898 3238 quinum
917 3167 1050 3234 denump
1086 3168 1128 3221 11.
1146 3166 1258 3235 deprimi
1268 3167 1381 3220 derectis

210 3253 292 3309 turris
312 3254 452 3308 uderectis
461 3254 619 3322 deprimitur
636 3269 678 3308 res
697 3260 714 3321 β
749 3253 859 3308 excitari
877 3252 981 3306 crebras
1000 3269 1018 3302 α
1035 3249 1139 3304 crebros
1158 3249 1267 3308 excitari
1286 3256 1303 3317 β
1339 3251 1379 3304 13.

210 3354 324 3409 loricula
344 3357 388 3409 ar
407 3355 490 3408 lurica
512 3354 539 3409 U
596 3354 636 3408 13.
654 3359 685 3408 ut
704 3355 737 3408 ab
755 3353 878 3409 hostibus
896 3344 989 3422 (ostib’
1006 3349 1051 3419 Μ)
1069 3349 1169 3419 duplici
1185 3350 1263 3405 losse,
1282 3349 1381 3418 duplici

210 3445 435 3509 propugnatorum
454 3438 544 3492 ordine
563 3437 779 3504 defenderentur;
801 3459 818 3490 α
845 3446 876 3492 ut
893 3437 978 3492 hostis
996 3451 1012 3488 s
1038 3434 1138 3503 duplici
1155 3437 1322 3504 ppugnatozi
1339 3451 1380 3489 or·

210 3574 272 3628 dine
289 3573 476 3643 depelleretur.
494 3573 576 3628 Fossa
593 3572 693 3642 duplici
711 3579 729 3641 β
764 3573 805 3626 15.
823 3587 875 3640 quo
892 3571 977 3625 tutior
995 3571 1065 3637 (tuot
1084 3568 1129 3633 Μ)
1150 3587 1167 3620 α
1182 3529 1251 3622 ΙἩΞῙῙΓῙ
1269 3570 1293 3624 Τ
1338 3571 1379 3624 16.

208 3659 377 3729 permitteret
394 3660 451 3714 tela
470 3679 487 3711 u
505 3659 561 3712 tela
577 3658 717 3728 pmitteret
731 3657 759 3712 U
771 3657 827 3711 tela
843 3656 1014 3726 pmitterent³
1037 3654 1062 3704 Τ
1075 3653 1120 3722 qui
1142 3652 1170 3707 U
1183 3670 1233 3722 quo
1243 3653 1290 3708 αΤ
1303 3654 1380 3723 ppior

207 3749 291 3814 Apro
317 3743 388 3813 prior
407 3764 424 3796 α
459 3746 500 3798 17.
518 3743 546 3796 in
564 3743 621 3811 ipso
639 3741 711 3796 uallo
728 3742 784 3812 A‘ss
799 3741 870 3795 uallo
886 3739 922 3794 B‘

274 3885 308 3936 X.
329 3881 356 3934 2.
374 3880 472 3934 filulis
488 3879 515 3932 A
549 3878 573 3933 3.
593 3879 808 3944 trimentaturnq3
826 3877 854 3929 A
888 3875 911 3929 4.
931 3831 1066 3931 uidebatur
1059 3874 1087 3929 Β
1120 3875 1144 3928 6.
1163 3871 1259 3940 plaude
1276 3871 1303 3924 A
1355 3873 1379 3927 7.

207 3965 302 4036 plaude
320 3965 347 4018 A
381 3966 437 4034 aut]
456 3980 506 4019 om.
525 3962 581 4020 cod.
601 3962 686 4018 Onon.
731 3963 756 4016 8.
774 3961 860 4014 scrius
879 3961 946 4030 quae
964 3958 993 4013 Β
1009 3958 1100 4014 hostes
1119 3977 1137 4013 α
1155 3956 1277 4026 nostrip
1309 3956 1378 4009 inse·

208 4049 341 4121 quebatur
358 4049 393 4102 A‘
445 4051 494 4103 aut
514 4068 531 4100 α
559 4052 627 4119 nep
677 4049 700 4101 9.
720 4045 848 4113 cademp
875 4044 967 4100 eodem
986 4064 1004 4096 α
1021 4060 1070 4098 aas
1086 4045 1089 4111 Ι
1105 4047 1160 4097 tros
1176 4039 1205 4094 Β
1239 4039 1377 4094 submoue·

1192 4135 1201 4164 Ι

207 4186 318 4241 bentA‘
335 4200 436 4238 summo
454 4183 553 4238 nebant
567 4181 595 4236 Β
629 4183 738 4236 lieret
755 4195 860 4236 necasse
880 4198 897 4230 α
911 4194 1017 4234 necesse
1035 4180 1093 4233 eret
1111 4184 1129 4246 β
1163 4173 1337 4243 d(s)siectisq;
1349 4172 1378 4226 B

207 4270 317 4327 edificiis
335 4268 369 4322 A⁴
414 4269 454 4323 12.
472 4267 599 4336 inpeditis
617 4266 654 4319 A‘
672 4265 870 4334 impedimentis
892 4263 927 4317 Β
967 4262 1080 4331 dispersi
1097 4265 1118 4332 β
1134 4257 1260 4327 dispersis
1280 4277 1297 4308 α
1331 4272 1377 4326 ps·

206 4356 340 4411 bulatores
359 4361 376 4422 β
393 4352 567 4422 pabulatoriis
587 4371 612 4404 u.

266 4439 363 4482 (tesseris
376 4437 455 4480 beilum
469 4435 582 4479 Gallicum,
1172 4428 1206 4482 14
