3310 5098
323 385 385 451 102
545 435 549 442 .
894 388 923 446 V

323 567 404 638 arnt,
427 565 463 622 ut
477 552 748 620 Mandubracium
770 551 812 616 ab
834 552 952 616 iniuria
969 551 1202 618 Cassiuellauni
1221 553 1374 620 defendat
1396 567 1429 621 at
1453 582 1497 625 ue

293 641 360 706 4in
390 642 556 707 ciuitatem
587 640 705 718 mittat,
736 639 791 724 qui
840 639 940 702 raesit
969 639 1205 724 imperiumque
1235 642 1387 725 optineat
1431 581 1496 710 his

326 727 449 793 Caesar
478 726 617 810 imperat
646 721 773 788 obsides
795 659 857 786 AL
888 722 1147 810 frumentumque
1173 727 1329 789 exercitui
1354 726 1496 794 Mandu-

325 812 537 896 braciumque
559 808 602 873 ad
623 830 678 873 eoa
696 808 802 872 mittit.
846 806 899 872 [lli
921 808 1079 893 imperata
1101 808 1245 874 celeriter
1262 809 1414 894 fecenmt,
1437 814 1497 878 ob·
1510 823 1557 880 10

327 895 412 964 sides
430 895 473 960 ad
490 915 658 959 numerum
676 892 935 979 frumentumque
956 894 1119 958 miserunt.

300 979 317 1042 1
410 980 504 1046 XXI.
536 978 791 1044 Trinouantibus
813 978 954 1042 defensis
976 987 1072 1064 atque
1099 979 1141 1044 ab
1165 982 1254 1044 omni
1275 979 1417 1046 militum
1447 984 1498 1048 in-

326 1067 409 1132 iuria
426 1063 610 1153 prohibitis,
620 1062 821 1148 Cenimagni,
836 1062 1030 1148 Segontiaci,
1047 1063 1221 1147 Ancalites,
1238 1065 1381 1148 Bibroci,
1399 1066 1499 1134 Cassi

297 1147 542 1238 Alegationibus
565 1149 672 1214 missis
695 1170 764 1213 sese
782 1146 913 1214 Caesari
936 1147 1062 1212 dedunt
1094 1149 1148 1214 Ab
1170 1152 1210 1214 iis
1233 1173 1270 1215 co
1317 1153 1407 1234 escit,
1428 1177 1498 1219 non

326 1237 486 1323 longaex
515 1256 553 1300 eo
576 1233 646 1299 loco
674 1233 830 1320 oppidum
857 1231 1093 1298 Cassiuellauni
1119 1235 1233 1300 abesse
1256 1237 1280 1300 s'
1294 1237 1344 1300 uis
1366 1237 1497 1323 paludi-

325 1322 452 1409 busque
474 1321 650 1399 munitum,
702 1341 745 1384 uo
773 1320 850 1383 satis
871 1341 1009 1404 magnus
1031 1318 1199 1384 hominum
1224 1323 1414 1407 pecorisque
1436 1347 1499 1388 nu·
1532 1332 1554 1389 5

297 1401 434 1472 3merus
454 1405 646 1472 conuenerit
682 1342 850 1552 Cppidum
869 1413 976 1468 autem
993 1404 1141 1469 Britanni
1153 1416 1281 1488 uocant,
1303 1429 1376 1470 cum
1395 1407 1498 1474 siluas

327 1490 487 1578 inpeditas
509 1488 596 1554 uallo
619 1499 715 1576 atque
753 1512 826 1554 ossa
843 1489 1034 1570 munierunt,
1057 1511 1120 1576 quo
1143 1491 1334 1556 incursionis
1352 1487 1499 1560 hostium

298 1572 478 1641 4uitandae
510 1595 609 1640 causa
638 1577 808 1640 conuenire
836 1585 1034 1639 consuerunt
1094 1575 1144 1640 Eo
1174 1576 1390 1661 proficiscitur
1420 1601 1500 1645 cum

328 1660 528 1747 legionibus:
562 1659 668 1725 locum
693 1683 750 1746 rep
777 1661 837 1724 erit
862 1661 992 1746 egregie
1016 1670 1132 1725 natura
1155 1672 1251 1747 atque
1274 1685 1369 1748 opere
1392 1667 1500 1728 muni·

329 1756 415 1829 tum3
445 1756 555 1811 tamen
585 1744 669 1810 hunc
698 1745 762 1810 dua
787 1767 824 1809 us
854 1768 895 1812 ex
925 1745 1072 1831 partibus
1104 1768 1293 1833 oppugnare
1323 1748 1499 1814 contendit.
1512 1759 1556 1815 10

300 1827 449 1897 bHostea
474 1830 639 1917 paulisper
665 1831 782 1896 morati
810 1829 949 1895 militum
970 1840 1153 1896 nostrorum
1183 1833 1339 1919 impetum
1360 1855 1425 1897 non
1447 1845 1498 1898 tu-

234 1917 239 1928 ’
301 1914 434 1983 filerunt
465 1937 598 2002 seseque
627 1916 691 1980 alia
720 1925 879 2002 exparte
912 1915 1026 2002 oppidi
1056 1917 1225 1982 eiecerunt.
1275 1916 1416 2003 Magnus
1447 1920 1498 1984 ibi

330 2024 482 2068 numerus
513 2002 638 2150 ppeoris
664 2011 821 2088 repertus,
851 2000 1007 2086 multique
1028 2003 1061 2065 in
1083 2001 1164 2086 fuga
1190 2012 1263 2067 sunt
1284 2002 1499 2089 conprehensi

330 2098 364 2154 at
386 2109 427 2152 ue
448 2088 514 2151 inte
546 2087 616 2153 ecti.

301 2169 318 2236 1
365 2109 386 2174 q
415 2172 525 2237 XXII.
548 2173 637 2237 Dum
659 2172 738 2237 haec
764 2172 799 2236 in
823 2171 875 2236 his
901 2171 980 2237 loeis
1003 2181 1164 2258 geruntiu,
1186 2171 1430 2239 Casiuellaunus
1453 2175 1500 2239 ad

330 2257 493 2340 Cantium,
516 2257 605 2344 quod
633 2281 702 2324 esse
729 2257 772 2322 ad
798 2279 887 2322 mare
914 2279 1012 2344 supra
1037 2257 1345 2339 demonstrauimus,
1376 2257 1498 2345 quibus

327 2344 516 2430 regionibus
559 2353 690 2409 uattuor
710 2365 804 2429 reges
825 2351 1003 2429 praeerant,
1021 2341 1220 2428 Cingetorix,
1238 2342 1408 2426 Caruilius
1431 2345 1497 2409 Ta-

328 2429 523 2515 ximagulus,
573 2451 710 2515 egouax,
734 2430 862 2493 nuntios
887 2429 985 2493 mittit
1011 2438 1106 2514 atque
1133 2428 1183 2493 his
1206 2431 1352 2515 imperat,
1372 2431 1422 2493 uti
1443 2451 1496 2494 co·

329 2516 409 2581 actis
419 2514 568 2580 omnibus
579 2515 681 2601 copiis
691 2525 797 2580 castra
813 2513 943 2578 naualia
960 2513 1000 2578 de
1015 2514 1178 2599 inprouiso
1193 2514 1379 2579 adoriantur
1398 2524 1497 2602 atque
1533 2527 1553 2584 5

299 2595 371 2686 top
399 2609 526 2686 uguent.
569 2601 599 2664 Ii
620 2623 692 2665 cum
716 2599 759 2664 ad
780 2609 886 2664 castra
907 2600 1078 2681 uenissent,
1100 2600 1202 2664 nostri
1223 2601 1390 2686 eruptione
1408 2600 1498 2665 faeta

330 2623 438 2749 mdtis
464 2707 575 2749 eorum
605 2685 796 2766 interfectis,
828 2693 923 2770 capto
946 2686 1042 2750 etiam
1064 2685 1166 2750 nobili
1191 2684 1273 2749 duce
1295 2686 1498 2786 Lugotorige

301 2769 406 2834 3suos
437 2768 613 2835 incolumes
638 2770 843 2836 reduxerunt.
887 2768 1148 2835 Cassiuellaunus
1175 2770 1237 2835 hoc
1263 2770 1386 2856 proel10
1417 2793 1497 2835 nun-

331 2856 419 2936 tiato,
441 2864 489 2920 tot
510 2854 708 2921 detrimentis
731 2856 887 2940 acceptis,
916 2857 1051 2920 uastatis
1073 2855 1210 2937 finibus,
1240 2857 1382 2922 maxime
1400 2859 1498 2921 etiam

334 3063 357 3118 7.
376 3077 437 3116 man
455 3060 609 3116 dubratium
626 3061 652 3114 A
686 3075 748 3114 man
764 3061 768 3128 Ι
783 3058 911 3113 dubracii
928 3058 967 3112 M
996 3058 1095 3113 manda
1118 3058 1237 3113 bracium
1254 3058 1283 3113 Β
1333 3059 1358 3113 8.
1375 3059 1498 3128 optineat

334 3145 397 3202 A‘B
430 3147 480 3202 His
502 3145 530 3200 U
543 3145 603 3200 uiis
625 3148 650 3200 T
663 3145 701 3200 lis
720 3165 738 3197 α
772 3145 796 3200 9.
815 3142 1084 3214 mandubraciumque
1103 3164 1121 3196 α
1138 3143 1425 3215 mandmbaciumq;fl
1457 3146 1499 3198 11.

335 3234 550 3304 frumentumque
568 3230 630 3286 AB¹
649 3231 834 3300 frumentaque
852 3228 911 3300 Μβ.

404 3370 477 3427 xm.
505 3371 528 3426 1.
547 3366 855 3439 annumerasse
888 3365 967 3420 rano
990 3339 1106 3419 ousnuu'
1122 3364 1159 3419 ru
1189 3363 1274 3433 arque
1292 3364 1320 3418 a
1358 3325 1461 3419 insuat
1472 3365 1501 3419 a

336 3459 362 3515 2.
380 3455 438 3513 ceni
455 3456 549 3525 magni
565 3455 601 3510 A'
618 3454 769 3524 cenimagni
786 3453 822 3508 B‘
840 3451 988 3507 cenimanni
1010 3449 1038 3506 U
1082 3466 1110 3505 se
1128 3449 1247 3520 gonciaoi
1264 3449 1302 3502 M
1330 3449 1357 3505 3.
1371 3449 1404 3504 iis
1423 3471 1440 3502 a
1457 3450 1499 3504 his

337 3548 356 3617 β
397 3543 423 3599 4.
441 3557 485 3598 cas
500 3541 506 3611 Ι
520 3541 560 3604 si}
578 3539 697 3595 ueliauui
714 3538 742 3593 Β
777 3540 801 3594 6.
818 3536 952 3593 brittanni
968 3535 995 3589 A
1047 3535 1071 3591 7.
1089 3534 1223 3605 inpeditas
1241 3535 1275 3589 A‘
1314 3535 1455 3605 impeditas
1473 3535 1500 3589 B

338 3699 380 3753 11.
397 3697 527 3766 impetum
545 3693 606 3749 ΜΒ
632 3694 748 3763 iuphum
765 3692 792 3746 A
826 3691 962 3760 tulterunt
978 3690 1005 3744 A
1057 3690 1098 3744 12.
1116 3623 1227 3759 seseqii'
1240 3689 1268 3743 Β
1301 3689 1354 3744 alia
1380 3707 1411 3744 er
1429 3710 1447 3742 α
1471 3705 1501 3743 er

339 3782 393 3838 alia
411 3788 432 3856 β
465 3781 506 3838 13.
524 3782 663 3850 reppertus
680 3779 708 3833 A
741 3777 916 3849 conprehensi
933 3775 991 3830 ΜΒ
1008 3775 1188 3848 comprehensi
1205 3774 1233 3829 A

407 3865 493 3922 xxu.
512 3867 536 3922 1.
556 3865 626 3920 Dum
644 3870 665 3938 β
684 3863 750 3920 Cum
770 3883 787 3916 α
822 3862 902 3934 hisp
926 3861 979 3916 hiis
997 3861 1035 3916 M
1055 3861 1089 3916 iis
1106 3860 1168 3916 ΑΒ
1205 3861 1259 3914 cusi
1284 3861 1424 3915 uellaunns
1440 3860 1503 3915 A‘B

340 4007 366 4064 4.
384 4021 499 4078 seguuax
516 4003 599 4074 AB'p
620 3960 735 4070 segouhx
752 3999 791 4054 M
820 3999 862 4054 his
876 4000 903 4055 U
917 3998 970 4054 hiis
993 3999 1065 4052 Tiis
1083 3967 1134 4066 (nr
1151 3996 1197 4064 M)
1217 4017 1234 4049 α
1269 3997 1399 4067 haustra]
1416 4001 1504 4052 contra

342 4093 370 4150 A
404 4091 467 4150 6.Ιί
486 4109 503 4146 α
523 4089 569 4146 liii
588 4091 612 4145 Τ
628 4087 665 4143 Hi
686 4086 713 4141 U
743 4089 767 4143 7.
785 4085 880 4156 multia
897 4086 923 4139 A
958 4083 1109 4154 lugetorige
1129 4103 1147 4136 α
1165 4082 1328 4152 cingetorige
1346 4087 1366 4153 β
1386 4084 1410 4138 8.
1430 4082 1505 4136 Cassi

343 4231 460 4288 uellaun'
478 4232 504 4285 A
539 4186 600 4285 cisi
618 4197 738 4314 uella-'nu⁹
754 4223 792 4278 M
812 4221 1051 4278 CasiuellaunusB

673 4313 704 4366 (a)
