<?xml version="1.0" encoding="UTF-8"?>
<!DOCTYPE html PUBLIC "-//W3C//DTD XHTML 1.0 Transitional//EN"
    "http://www.w3.org/TR/xhtml1/DTD/xhtml1-transitional.dtd">
<html xmlns="http://www.w3.org/1999/xhtml" xml:lang="en" lang="en">
 <head>
  <title>
</title>
<meta http-equiv="Content-Type" content="text/html;charset=utf-8" />
  <meta name='ocr-system' content='tesseract 3.04.00' />
  <meta name='ocr-capabilities' content='ocr_page ocr_carea ocr_par ocr_line ocrx_word'/>
</head>
<body>
  <div class='ocr_page' id='page_1' title='image "./ciulicaesarisbe00hirtgoog_0030.png"; bbox 0 0 3316 5100; ppageno 0'>
   <div class='ocr_carea' id='block_1_1' title="bbox 270 374 861 438">
    <p class='ocr_par' dir='ltr' id='par_1_1' title="bbox 270 374 861 438">
     <span class='ocr_line' id='line_1_1' title="bbox 270 374 861 438; baseline -0.002 0"><span class='ocrx_word' id='word_1_1' title='bbox 270 374 309 438; x_wconf 88' lang='grc'>16</span> <span class='ocrx_word' id='word_1_2' title='bbox 844 375 861 437; x_wconf 95' lang='lat' dir='ltr'>l</span> 
     </span>
    </p>
   </div>
   <div class='ocr_carea' id='block_1_2' title="bbox 237 541 1485 884">
    <p class='ocr_par' dir='ltr' id='par_1_2' title="bbox 267 541 1437 630">
     <span class='ocr_line' id='line_1_2' title="bbox 267 541 1437 630; baseline 0.003 -24"><span class='ocrx_word' id='word_1_3' title='bbox 267 543 380 608; x_wconf 91' lang='lat' dir='ltr'>litteris</span> <span class='ocrx_word' id='word_1_4' title='bbox 399 542 534 608; x_wconf 80' lang='lat' dir='ltr'>Graecis</span> <span class='ocrx_word' id='word_1_5' title='bbox 553 542 717 607; x_wconf 81' lang='lat' dir='ltr'>confectae</span> <span class='ocrx_word' id='word_1_6' title='bbox 736 552 767 606; x_wconf 90' lang='lat' dir='ltr'>et</span> <span class='ocrx_word' id='word_1_7' title='bbox 784 542 827 606; x_wconf 91' lang='lat' dir='ltr'>ad</span> <span class='ocrx_word' id='word_1_8' title='bbox 845 541 1019 608; x_wconf 82' lang='lat' dir='ltr'>Caesarem</span> <span class='ocrx_word' id='word_1_9' title='bbox 1036 544 1166 626; x_wconf 83' lang='lat' dir='ltr'><strong>relatae,</strong></span> <span class='ocrx_word' id='word_1_10' title='bbox 1194 545 1311 630; x_wconf 93' lang='lat' dir='ltr'>quibus</span> <span class='ocrx_word' id='word_1_11' title='bbox 1338 547 1373 610; x_wconf 95' lang='lat' dir='ltr'>in</span> <span class='ocrx_word' id='word_1_12' title='bbox 1390 555 1437 610; x_wconf 84' lang='lat' dir='ltr'>ta-</span> 
     </span>
    </p>

    <p class='ocr_par' dir='ltr' id='par_1_3' title="bbox 266 627 1438 713">
     <span class='ocr_line' id='line_1_3' title="bbox 266 627 1438 713; baseline 0.003 -21"><span class='ocrx_word' id='word_1_13' title='bbox 266 627 351 692; x_wconf 84' lang='lat' dir='ltr'>bulis</span> <span class='ocrx_word' id='word_1_14' title='bbox 373 630 565 693; x_wconf 90' lang='lat' dir='ltr'>nominatim</span> <span class='ocrx_word' id='word_1_15' title='bbox 582 630 665 692; x_wconf 86' lang='lat' dir='ltr'>ratio</span> <span class='ocrx_word' id='word_1_16' title='bbox 685 627 832 692; x_wconf 84' lang='lat' dir='ltr'>eonfeeta</span> <span class='ocrx_word' id='word_1_17' title='bbox 849 639 926 710; x_wconf 87' lang='lat' dir='ltr'>erat,</span> <span class='ocrx_word' id='word_1_18' title='bbox 954 631 1010 713; x_wconf 92' lang='lat' dir='ltr'>qui</span> <span class='ocrx_word' id='word_1_19' title='bbox 1032 652 1183 694; x_wconf 87' lang='lat' dir='ltr'>numerus</span> <span class='ocrx_word' id='word_1_20' title='bbox 1202 630 1298 694; x_wconf 91' lang='lat' dir='ltr'>domo</span> <span class='ocrx_word' id='word_1_21' title='bbox 1319 633 1438 696; x_wconf 80' lang='lat' dir='ltr'>exisset</span> 
     </span>
    </p>

    <p class='ocr_par' dir='ltr' id='par_1_4' title="bbox 237 713 1485 884">
     <span class='ocr_line' id='line_1_4' title="bbox 267 713 1436 800; baseline 0.003 -22"><span class='ocrx_word' id='word_1_22' title='bbox 267 736 386 795; x_wconf 90' lang='lat' dir='ltr'>eorum,</span> <span class='ocrx_word' id='word_1_23' title='bbox 414 715 470 798; x_wconf 91' lang='lat' dir='ltr'>qui</span> <span class='ocrx_word' id='word_1_24' title='bbox 493 736 584 780; x_wconf 90' lang='lat' dir='ltr'>arma</span> <span class='ocrx_word' id='word_1_25' title='bbox 602 713 685 776; x_wconf 87' lang='lat' dir='ltr'>ferre</span> <span class='ocrx_word' id='word_1_26' title='bbox 711 722 850 798; x_wconf 81' lang='lat' dir='ltr'>possent,</span> <span class='ocrx_word' id='word_1_27' title='bbox 877 723 909 778; x_wconf 93' lang='lat' dir='ltr'>et</span> <span class='ocrx_word' id='word_1_28' title='bbox 930 715 1007 778; x_wconf 91' lang='lat' dir='ltr'>item</span> <span class='ocrx_word' id='word_1_29' title='bbox 1025 715 1201 799; x_wconf 88' lang='lat' dir='ltr'>separatim</span> <span class='ocrx_word' id='word_1_30' title='bbox 1218 718 1319 800; x_wconf 89' lang='lat' dir='ltr'>pueri,</span> <span class='ocrx_word' id='word_1_31' title='bbox 1346 738 1436 782; x_wconf 90' lang='lat' dir='ltr'>senes</span> 
     </span>
     <span class='ocr_line' id='line_1_5' title="bbox 237 797 1485 884; baseline 0.004 -22"><span class='ocrx_word' id='word_1_32' title='bbox 237 797 489 884; x_wconf 79' lang='lat' dir='ltr'>2mulieresque.</span> <span class='ocrx_word' id='word_1_33' title='bbox 543 798 689 878; x_wconf 81' lang='lat' dir='ltr'>Quarum</span> <span class='ocrx_word' id='word_1_34' title='bbox 722 800 866 862; x_wconf 92' lang='lat' dir='ltr'>omnium</span> <span class='ocrx_word' id='word_1_35' title='bbox 897 821 1004 863; x_wconf 90' lang='lat' dir='ltr'>rerum</span> <span class='ocrx_word' id='word_1_36' title='bbox 1036 822 1163 864; x_wconf 90' lang='lat' dir='ltr'>summa</span> <span class='ocrx_word' id='word_1_37' title='bbox 1193 811 1262 864; x_wconf 89' lang='lat' dir='ltr'>erat</span> <span class='ocrx_word' id='word_1_38' title='bbox 1294 822 1331 865; x_wconf 85' lang='lat' dir='ltr'>ea</span> <span class='ocrx_word' id='word_1_39' title='bbox 1355 803 1436 865; x_wconf 92' lang='lat' dir='ltr'>itum</span> <span class='ocrx_word' id='word_1_40' title='bbox 1467 809 1485 867; x_wconf 89' lang='lat'><strong>5</strong></span> 
     </span>
    </p>
   </div>
   <div class='ocr_carea' id='block_1_3' title="bbox 228 881 1484 3097">
    <p class='ocr_par' dir='ltr' id='par_1_5' title="bbox 228 881 1484 3097">
     <span class='ocr_line' id='line_1_6' title="bbox 265 881 1435 968; baseline 0.003 -21"><span class='ocrx_word' id='word_1_41' title='bbox 265 882 490 948; x_wconf 87' lang='lat' dir='ltr'>Heluetiorum</span> <span class='ocrx_word' id='word_1_42' title='bbox 508 882 599 948; x_wconf 91' lang='lat' dir='ltr'>milia</span> <span class='ocrx_word' id='word_1_43' title='bbox 618 882 795 964; x_wconf 81' lang='lat' dir='ltr'>COLXHI,</span> <span class='ocrx_word' id='word_1_44' title='bbox 818 881 1035 968; x_wconf 83' lang='lat' dir='ltr'>Tulingorum</span> <span class='ocrx_word' id='word_1_45' title='bbox 1053 882 1144 948; x_wconf 93' lang='lat' dir='ltr'>milia</span> <span class='ocrx_word' id='word_1_46' title='bbox 1162 883 1321 967; x_wconf 91' lang='lat' dir='ltr'>XXXVI,</span> <span class='ocrx_word' id='word_1_47' title='bbox 1369 896 1435 951; x_wconf 92' lang='lat' dir='ltr'>ato·</span> 
     </span>
     <span class='ocr_line' id='line_1_7' title="bbox 265 967 1436 1053; baseline 0.003 -20"><span class='ocrx_word' id='word_1_48' title='bbox 265 971 412 1034; x_wconf 82' lang='lat' dir='ltr'>uicorum</span> <span class='ocrx_word' id='word_1_49' title='bbox 437 968 549 1049; x_wconf 86' lang='lat' dir='ltr'>XIIII,</span> <span class='ocrx_word' id='word_1_50' title='bbox 576 968 792 1034; x_wconf 80' lang='lat' dir='ltr'>Raurioorum</span> <span class='ocrx_word' id='word_1_51' title='bbox 809 967 938 1050; x_wconf 82' lang='lat' dir='ltr'>XXIII,</span> <span class='ocrx_word' id='word_1_52' title='bbox 963 968 1120 1033; x_wconf 89' lang='lat' dir='ltr'>Boiorum</span> <span class='ocrx_word' id='word_1_53' title='bbox 1137 969 1289 1053; x_wconf 84' lang='lat' dir='ltr'>XXXII3</span> <span class='ocrx_word' id='word_1_54' title='bbox 1317 993 1359 1035; x_wconf 86' lang='lat' dir='ltr'>ex</span> <span class='ocrx_word' id='word_1_55' title='bbox 1376 971 1436 1053; x_wconf 91' lang='lat' dir='ltr'>his,</span> 
     </span>
     <span class='ocr_line' id='line_1_8' title="bbox 236 1052 1434 1139; baseline 0.003 -21"><span class='ocrx_word' id='word_1_56' title='bbox 236 1055 322 1139; x_wconf 86' lang='lat' dir='ltr'>3qui</span> <span class='ocrx_word' id='word_1_57' title='bbox 341 1076 431 1118; x_wconf 86' lang='lat' dir='ltr'>arma</span> <span class='ocrx_word' id='word_1_58' title='bbox 449 1055 531 1118; x_wconf 88' lang='lat' dir='ltr'>ferre</span> <span class='ocrx_word' id='word_1_59' title='bbox 548 1063 688 1138; x_wconf 81' lang='lat' dir='ltr'>possent,</span> <span class='ocrx_word' id='word_1_60' title='bbox 716 1052 758 1117; x_wconf 91' lang='lat' dir='ltr'>ad</span> <span class='ocrx_word' id='word_1_61' title='bbox 780 1052 870 1116; x_wconf 90' lang='lat' dir='ltr'>milia</span> <span class='ocrx_word' id='word_1_62' title='bbox 895 1076 980 1118; x_wconf 91' lang='lat' dir='ltr'>nona</span> <span class='ocrx_word' id='word_1_63' title='bbox 1004 1055 1072 1118; x_wconf 86' lang='lat' dir='ltr'>inta</span> <span class='ocrx_word' id='word_1_64' title='bbox 1090 1054 1164 1122; x_wconf 85' lang='lat' dir='ltr'>duo.</span> <span class='ocrx_word' id='word_1_65' title='bbox 1208 1055 1342 1120; x_wconf 84' lang='lat' dir='ltr'>Summa</span> <span class='ocrx_word' id='word_1_66' title='bbox 1369 1078 1434 1121; x_wconf 92' lang='lat' dir='ltr'>om-</span> 
     </span>
     <span class='ocr_line' id='line_1_9' title="bbox 265 1136 1434 1226; baseline 0.003 -23"><span class='ocrx_word' id='word_1_67' title='bbox 265 1141 354 1203; x_wconf 93' lang='lat' dir='ltr'>nium</span> <span class='ocrx_word' id='word_1_68' title='bbox 381 1139 509 1202; x_wconf 89' lang='lat' dir='ltr'>fuerunt</span> <span class='ocrx_word' id='word_1_69' title='bbox 536 1137 579 1202; x_wconf 90' lang='lat' dir='ltr'>ad</span> <span class='ocrx_word' id='word_1_70' title='bbox 599 1137 693 1202; x_wconf 82' lang='lat' dir='ltr'>milia</span> <span class='ocrx_word' id='word_1_71' title='bbox 712 1136 950 1202; x_wconf 81' lang='lat' dir='ltr'>CCCLXVIII.</span> <span class='ocrx_word' id='word_1_72' title='bbox 1024 1161 1125 1221; x_wconf 89' lang='lat' dir='ltr'>orum,</span> <span class='ocrx_word' id='word_1_73' title='bbox 1151 1141 1207 1226; x_wconf 92' lang='lat' dir='ltr'>qui</span> <span class='ocrx_word' id='word_1_74' title='bbox 1230 1140 1362 1205; x_wconf 90' lang='lat' dir='ltr'>domum</span> <span class='ocrx_word' id='word_1_75' title='bbox 1386 1164 1434 1206; x_wconf 90' lang='lat' dir='ltr'>re-</span> 
     </span>
     <span class='ocr_line' id='line_1_10' title="bbox 266 1221 1484 1310; baseline 0.003 -22"><span class='ocrx_word' id='word_1_76' title='bbox 266 1224 401 1304; x_wconf 89' lang='lat' dir='ltr'>dierunt,</span> <span class='ocrx_word' id='word_1_77' title='bbox 420 1245 517 1288; x_wconf 89' lang='lat' dir='ltr'>oensu</span> <span class='ocrx_word' id='word_1_78' title='bbox 536 1222 657 1304; x_wconf 80' lang='lat' dir='ltr'>habito,</span> <span class='ocrx_word' id='word_1_79' title='bbox 675 1232 710 1286; x_wconf 90' lang='lat' dir='ltr'>ut</span> <span class='ocrx_word' id='word_1_80' title='bbox 721 1221 841 1287; x_wconf 82' lang='lat' dir='ltr'>Caesar</span> <span class='ocrx_word' id='word_1_81' title='bbox 858 1225 1084 1308; x_wconf 90' lang='lat' dir='ltr'>imperauerat,</span> <span class='ocrx_word' id='word_1_82' title='bbox 1101 1236 1245 1310; x_wconf 88' lang='lat' dir='ltr'>repertus</span> <span class='ocrx_word' id='word_1_83' title='bbox 1261 1236 1308 1289; x_wconf 90' lang='lat' dir='ltr'>est</span> <span class='ocrx_word' id='word_1_84' title='bbox 1324 1247 1433 1292; x_wconf 89' lang='lat' dir='ltr'>nume·</span> <span class='ocrx_word' id='word_1_85' title='bbox 1446 1237 1484 1292; x_wconf 90' lang='lat'>10</span> 
     </span>
     <span class='ocr_line' id='line_1_11' title="bbox 264 1307 696 1374; baseline -0.002 -1"><span class='ocrx_word' id='word_1_86' title='bbox 264 1332 318 1373; x_wconf 88' lang='lat' dir='ltr'>rus</span> <span class='ocrx_word' id='word_1_87' title='bbox 337 1307 463 1373; x_wconf 91' lang='lat' dir='ltr'>milium</span> <span class='ocrx_word' id='word_1_88' title='bbox 482 1308 508 1374; x_wconf 79' lang='lat' dir='ltr'>O</span> <span class='ocrx_word' id='word_1_89' title='bbox 527 1317 559 1372; x_wconf 91' lang='lat' dir='ltr'>et</span> <span class='ocrx_word' id='word_1_90' title='bbox 576 1307 696 1372; x_wconf 84' lang='lat' dir='ltr'>decem.</span> 
     </span>
     <span class='ocr_line' id='line_1_12' title="bbox 237 1391 1434 1481; baseline 0.003 -25"><span class='ocrx_word' id='word_1_91' title='bbox 237 1394 252 1456; x_wconf 81' lang='lat' dir='ltr'>l</span> <span class='ocrx_word' id='word_1_92' title='bbox 348 1393 458 1457; x_wconf 88' lang='lat' dir='ltr'>XXX.</span> <span class='ocrx_word' id='word_1_93' title='bbox 475 1391 567 1458; x_wconf 89' lang='lat' dir='ltr'>Bello</span> <span class='ocrx_word' id='word_1_94' title='bbox 578 1391 801 1456; x_wconf 88' lang='lat' dir='ltr'>Heluetiorum</span> <span class='ocrx_word' id='word_1_95' title='bbox 820 1392 965 1458; x_wconf 82' lang='lat' dir='ltr'>confecto</span> <span class='ocrx_word' id='word_1_96' title='bbox 983 1395 1082 1458; x_wconf 92' lang='lat' dir='ltr'>totius</span> <span class='ocrx_word' id='word_1_97' title='bbox 1100 1393 1167 1459; x_wconf 88' lang='lat' dir='ltr'>fere</span> <span class='ocrx_word' id='word_1_98' title='bbox 1181 1394 1309 1460; x_wconf 82' lang='lat' dir='ltr'>Galliae</span> <span class='ocrx_word' id='word_1_99' title='bbox 1327 1393 1434 1481; x_wconf 90' lang='lat' dir='ltr'>legati,</span> 
     </span>
     <span class='ocr_line' id='line_1_13' title="bbox 234 1476 1434 1565; baseline 0.002 -22"><span class='ocrx_word' id='word_1_100' title='bbox 234 1480 425 1565; x_wconf 62' lang='lat' dir='ltr'>iprinoipes</span> <span class='ocrx_word' id='word_1_101' title='bbox 444 1479 621 1559; x_wconf 83' lang='lat' dir='ltr'>ciuitatum,</span> <span class='ocrx_word' id='word_1_102' title='bbox 649 1477 692 1541; x_wconf 90' lang='lat' dir='ltr'>ad</span> <span class='ocrx_word' id='word_1_103' title='bbox 710 1476 882 1542; x_wconf 80' lang='lat' dir='ltr'>Caesarem</span> <span class='ocrx_word' id='word_1_104' title='bbox 905 1477 1103 1562; x_wconf 81' lang='lat' dir='ltr'>gratulatum</span> <span class='ocrx_word' id='word_1_105' title='bbox 1122 1490 1356 1545; x_wconf 89' lang='lat' dir='ltr'>conuenerunt:</span> <span class='ocrx_word' id='word_1_106' title='bbox 1381 1481 1434 1544; x_wconf 90' lang='lat' dir='ltr'>In-</span> 
     </span>
     <span class='ocr_line' id='line_1_14' title="bbox 263 1561 1434 1652; baseline 0.003 -26"><span class='ocrx_word' id='word_1_107' title='bbox 263 1563 416 1649; x_wconf 89' lang='lat' dir='ltr'>tellegere</span> <span class='ocrx_word' id='word_1_108' title='bbox 434 1586 512 1642; x_wconf 87' lang='lat' dir='ltr'>sese,</span> <span class='ocrx_word' id='word_1_109' title='bbox 531 1565 660 1627; x_wconf 90' lang='lat' dir='ltr'>tametsi</span> <span class='ocrx_word' id='word_1_110' title='bbox 676 1585 735 1647; x_wconf 92' lang='lat' dir='ltr'>pro</span> <span class='ocrx_word' id='word_1_111' title='bbox 755 1561 917 1626; x_wconf 89' lang='lat' dir='ltr'>ueteribus</span> <span class='ocrx_word' id='word_1_112' title='bbox 935 1563 1160 1628; x_wconf 89' lang='lat' dir='ltr'>Heluetiorum</span> <span class='ocrx_word' id='word_1_113' title='bbox 1177 1566 1303 1633; x_wconf 87' lang='lat' dir='ltr'>iniuriis</span> <span class='ocrx_word' id='word_1_114' title='bbox 1321 1565 1434 1652; x_wconf 90' lang='lat' dir='ltr'>populi</span> 
     </span>
     <span class='ocr_line' id='line_1_15' title="bbox 233 1646 1434 1734; baseline 0.002 -23"><span class='ocrx_word' id='word_1_115' title='bbox 233 1648 401 1714; x_wconf 87' lang='lat' dir='ltr'>3Romani</span> <span class='ocrx_word' id='word_1_116' title='bbox 429 1647 470 1713; x_wconf 88' lang='lat' dir='ltr'>ab</span> <span class='ocrx_word' id='word_1_117' title='bbox 499 1649 549 1712; x_wconf 90' lang='lat' dir='ltr'>his</span> <span class='ocrx_word' id='word_1_118' title='bbox 576 1669 697 1734; x_wconf 87' lang='lat' dir='ltr'>poenas</span> <span class='ocrx_word' id='word_1_119' title='bbox 724 1646 810 1712; x_wconf 91' lang='lat' dir='ltr'>bello</span> <span class='ocrx_word' id='word_1_120' title='bbox 838 1650 1013 1732; x_wconf 87' lang='lat' dir='ltr'>repetisset,</span> <span class='ocrx_word' id='word_1_121' title='bbox 1042 1659 1151 1714; x_wconf 87' lang='lat' dir='ltr'>tamen</span> <span class='ocrx_word' id='word_1_122' title='bbox 1176 1672 1248 1714; x_wconf 88' lang='lat' dir='ltr'>eam</span> <span class='ocrx_word' id='word_1_123' title='bbox 1274 1673 1343 1716; x_wconf 91' lang='lat' dir='ltr'>rem</span> <span class='ocrx_word' id='word_1_124' title='bbox 1369 1673 1434 1715; x_wconf 89' lang='lat' dir='ltr'>non</span> 
     </span>
     <span class='ocr_line' id='line_1_16' title="bbox 262 1730 1483 1819; baseline 0.004 -22"><span class='ocrx_word' id='word_1_125' title='bbox 262 1735 367 1799; x_wconf 88' lang='lat' dir='ltr'>minus</span> <span class='ocrx_word' id='word_1_126' title='bbox 395 1757 437 1799; x_wconf 88' lang='lat' dir='ltr'>ex</span> <span class='ocrx_word' id='word_1_127' title='bbox 459 1757 521 1798; x_wconf 89' lang='lat' dir='ltr'>usu</span> <span class='ocrx_word' id='word_1_128' title='bbox 547 1743 651 1798; x_wconf 90' lang='lat' dir='ltr'>terrae</span> <span class='ocrx_word' id='word_1_129' title='bbox 678 1730 807 1798; x_wconf 81' lang='lat' dir='ltr'>Galliae</span> <span class='ocrx_word' id='word_1_130' title='bbox 835 1755 933 1817; x_wconf 90' lang='lat' dir='ltr'>quam</span> <span class='ocrx_word' id='word_1_131' title='bbox 958 1733 1072 1819; x_wconf 90' lang='lat' dir='ltr'>populi</span> <span class='ocrx_word' id='word_1_132' title='bbox 1099 1735 1239 1799; x_wconf 90' lang='lat' dir='ltr'>Romani</span> <span class='ocrx_word' id='word_1_133' title='bbox 1269 1735 1433 1817; x_wconf 81' lang='lat' dir='ltr'>accidisse,</span> <span class='ocrx_word' id='word_1_134' title='bbox 1465 1743 1483 1802; x_wconf 85' lang='lat'>5</span> 
     </span>
     <span class='ocr_line' id='line_1_17' title="bbox 284 1817 1431 1905; baseline 0.003 -23"><span class='ocrx_word' id='word_1_135' title='bbox 284 1830 434 1905; x_wconf 86' lang='lat' dir='ltr'>ropterea</span> <span class='ocrx_word' id='word_1_136' title='bbox 462 1817 551 1904; x_wconf 91' lang='lat' dir='ltr'>quod</span> <span class='ocrx_word' id='word_1_137' title='bbox 578 1840 614 1883; x_wconf 94' lang='lat' dir='ltr'>eo</span> <span class='ocrx_word' id='word_1_138' title='bbox 643 1817 776 1882; x_wconf 88' lang='lat' dir='ltr'>oonsilio</span> <span class='ocrx_word' id='word_1_139' title='bbox 810 1817 1045 1883; x_wconf 90' lang='lat' dir='ltr'>florentissimis</span> <span class='ocrx_word' id='word_1_140' title='bbox 1076 1819 1173 1884; x_wconf 87' lang='lat' dir='ltr'>rebus</span> <span class='ocrx_word' id='word_1_141' title='bbox 1206 1819 1318 1886; x_wconf 91' lang='lat' dir='ltr'>domos</span> <span class='ocrx_word' id='word_1_142' title='bbox 1357 1844 1431 1885; x_wconf 89' lang='lat' dir='ltr'>suas</span> 
     </span>
     <span class='ocr_line' id='line_1_18' title="bbox 296 1901 1432 1991; baseline 0.002 -23"><span class='ocrx_word' id='word_1_143' title='bbox 296 1905 403 1969; x_wconf 87' lang='lat' dir='ltr'>eluetii</span> <span class='ocrx_word' id='word_1_144' title='bbox 420 1904 632 1990; x_wconf 76' lang='lat' dir='ltr'>reliquissent,</span> <span class='ocrx_word' id='word_1_145' title='bbox 650 1905 698 1967; x_wconf 94' lang='lat' dir='ltr'>uti</span> <span class='ocrx_word' id='word_1_146' title='bbox 715 1905 775 1967; x_wconf 92' lang='lat' dir='ltr'>toti</span> <span class='ocrx_word' id='word_1_147' title='bbox 784 1901 912 1967; x_wconf 84' lang='lat' dir='ltr'>Galliae</span> <span class='ocrx_word' id='word_1_148' title='bbox 929 1902 1052 1968; x_wconf 89' lang='lat' dir='ltr'>bellum</span> <span class='ocrx_word' id='word_1_149' title='bbox 1066 1904 1220 1969; x_wconf 76' lang='lat' dir='ltr'>inferrent</span> <span class='ocrx_word' id='word_1_150' title='bbox 1232 1907 1432 1991; x_wconf 90' lang='lat' dir='ltr'>imperioque</span> 
     </span>
     <span class='ocr_line' id='line_1_19' title="bbox 261 1987 1431 2077; baseline 0.002 -24"><span class='ocrx_word' id='word_1_151' title='bbox 261 1991 438 2074; x_wconf 84' lang='lat' dir='ltr'>potirentur</span> <span class='ocrx_word' id='word_1_152' title='bbox 456 1989 627 2074; x_wconf 88' lang='lat' dir='ltr'>loeumque</span> <span class='ocrx_word' id='word_1_153' title='bbox 643 1987 806 2052; x_wconf 82' lang='lat' dir='ltr'>domicilio</span> <span class='ocrx_word' id='word_1_154' title='bbox 824 2009 864 2052; x_wconf 83' lang='lat' dir='ltr'>ex</span> <span class='ocrx_word' id='word_1_155' title='bbox 879 2011 1000 2073; x_wconf 89' lang='lat' dir='ltr'>magna</span> <span class='ocrx_word' id='word_1_156' title='bbox 1019 1991 1114 2075; x_wconf 88' lang='lat' dir='ltr'>eopia</span> <span class='ocrx_word' id='word_1_157' title='bbox 1132 1989 1318 2075; x_wconf 85' lang='lat' dir='ltr'>deligerent,</span> <span class='ocrx_word' id='word_1_158' title='bbox 1336 2014 1431 2077; x_wconf 91' lang='lat' dir='ltr'>quem</span> 
     </span>
     <span class='ocr_line' id='line_1_20' title="bbox 260 2073 1431 2160; baseline 0.002 -22"><span class='ocrx_word' id='word_1_159' title='bbox 260 2096 302 2139; x_wconf 84' lang='lat' dir='ltr'>ex</span> <span class='ocrx_word' id='word_1_160' title='bbox 321 2077 409 2138; x_wconf 88' lang='lat' dir='ltr'>omni</span> <span class='ocrx_word' id='word_1_161' title='bbox 427 2073 537 2139; x_wconf 83' lang='lat' dir='ltr'>Gallia</span> <span class='ocrx_word' id='word_1_162' title='bbox 561 2075 845 2160; x_wconf 88' lang='lat' dir='ltr'>oportunissimum</span> <span class='ocrx_word' id='word_1_163' title='bbox 865 2095 903 2137; x_wconf 89' lang='lat' dir='ltr'>ao</span> <span class='ocrx_word' id='word_1_164' title='bbox 925 2073 1431 2158; x_wconf 84' lang='lat' dir='ltr'>fructuosissimumiudicassent,</span> 
     </span>
     <span class='ocr_line' id='line_1_21' title="bbox 230 2154 1481 2245; baseline 0.007 -26"><span class='ocrx_word' id='word_1_165' title='bbox 230 2154 472 2245; x_wconf 76' lang='lat' dir='ltr'>Areliquasque</span> <span class='ocrx_word' id='word_1_166' title='bbox 497 2161 645 2223; x_wconf 83' lang='lat' dir='ltr'>ciuitates</span> <span class='ocrx_word' id='word_1_167' title='bbox 670 2158 899 2244; x_wconf 85' lang='lat' dir='ltr'>stipendiarias</span> <span class='ocrx_word' id='word_1_168' title='bbox 914 2158 1079 2224; x_wconf 89' lang='lat' dir='ltr'>haberent</span> <span class='ocrx_word' id='word_1_169' title='bbox 1112 2159 1285 2243; x_wconf 87' lang='lat' dir='ltr'>Petierunt,</span> <span class='ocrx_word' id='word_1_170' title='bbox 1302 2162 1351 2226; x_wconf 90' lang='lat' dir='ltr'>uti</span> <span class='ocrx_word' id='word_1_171' title='bbox 1368 2161 1432 2226; x_wconf 90' lang='lat' dir='ltr'>sibi</span> <span class='ocrx_word' id='word_1_172' title='bbox 1443 2171 1481 2228; x_wconf 88' lang='lat'>10</span> 
     </span>
     <span class='ocr_line' id='line_1_22' title="bbox 261 2243 1429 2331; baseline 0.003 -24"><span class='ocrx_word' id='word_1_173' title='bbox 261 2243 431 2309; x_wconf 81' lang='lat' dir='ltr'>concilium</span> <span class='ocrx_word' id='word_1_174' title='bbox 449 2247 548 2309; x_wconf 92' lang='lat' dir='ltr'>totius</span> <span class='ocrx_word' id='word_1_175' title='bbox 572 2243 701 2309; x_wconf 81' lang='lat' dir='ltr'>Galliae</span> <span class='ocrx_word' id='word_1_176' title='bbox 718 2245 753 2307; x_wconf 92' lang='lat' dir='ltr'>in</span> <span class='ocrx_word' id='word_1_177' title='bbox 771 2243 856 2308; x_wconf 90' lang='lat' dir='ltr'>diem</span> <span class='ocrx_word' id='word_1_178' title='bbox 876 2253 996 2308; x_wconf 85' lang='lat' dir='ltr'>certam</span> <span class='ocrx_word' id='word_1_179' title='bbox 1014 2244 1155 2310; x_wconf 82' lang='lat' dir='ltr'>indicere</span> <span class='ocrx_word' id='word_1_180' title='bbox 1173 2245 1272 2331; x_wconf 89' lang='lat' dir='ltr'>idque</span> <span class='ocrx_word' id='word_1_181' title='bbox 1281 2245 1429 2311; x_wconf 80' lang='lat' dir='ltr'>Caesaris</span> 
     </span>
     <span class='ocr_line' id='line_1_23' title="bbox 259 2327 1430 2416; baseline 0.001 -22"><span class='ocrx_word' id='word_1_182' title='bbox 259 2329 426 2394; x_wconf 88' lang='lat' dir='ltr'>uoluntate</span> <span class='ocrx_word' id='word_1_183' title='bbox 444 2329 549 2394; x_wconf 84' lang='lat' dir='ltr'>faeere</span> <span class='ocrx_word' id='word_1_184' title='bbox 567 2329 694 2393; x_wconf 79' lang='lat' dir='ltr'>liceret:</span> <span class='ocrx_word' id='word_1_185' title='bbox 708 2351 777 2392; x_wconf 92' lang='lat' dir='ltr'>sese</span> <span class='ocrx_word' id='word_1_186' title='bbox 795 2327 916 2392; x_wconf 89' lang='lat' dir='ltr'>habere</span> <span class='ocrx_word' id='word_1_187' title='bbox 926 2329 1086 2414; x_wconf 88' lang='lat' dir='ltr'>quasdam</span> <span class='ocrx_word' id='word_1_188' title='bbox 1103 2352 1163 2411; x_wconf 88' lang='lat' dir='ltr'>res,</span> <span class='ocrx_word' id='word_1_189' title='bbox 1186 2354 1267 2416; x_wconf 89' lang='lat' dir='ltr'>quas</span> <span class='ocrx_word' id='word_1_190' title='bbox 1286 2354 1327 2396; x_wconf 86' lang='lat' dir='ltr'>ex</span> <span class='ocrx_word' id='word_1_191' title='bbox 1345 2353 1430 2397; x_wconf 85' lang='lat' dir='ltr'>eom-</span> 
     </span>
     <span class='ocr_line' id='line_1_24' title="bbox 229 2412 1430 2501; baseline 0.006 -27"><span class='ocrx_word' id='word_1_192' title='bbox 229 2412 349 2479; x_wconf 81' lang='lat' dir='ltr'>tmuni</span> <span class='ocrx_word' id='word_1_193' title='bbox 382 2437 538 2481; x_wconf 87' lang='lat' dir='ltr'>consensu</span> <span class='ocrx_word' id='word_1_194' title='bbox 568 2413 609 2479; x_wconf 89' lang='lat' dir='ltr'>ab</span> <span class='ocrx_word' id='word_1_195' title='bbox 640 2436 677 2479; x_wconf 93' lang='lat' dir='ltr'>eo</span> <span class='ocrx_word' id='word_1_196' title='bbox 708 2423 818 2499; x_wconf 89' lang='lat' dir='ltr'>petere</span> <span class='ocrx_word' id='word_1_197' title='bbox 844 2412 972 2478; x_wconf 89' lang='lat' dir='ltr'>uellent.</span> <span class='ocrx_word' id='word_1_198' title='bbox 1024 2415 1074 2479; x_wconf 87' lang='lat' dir='ltr'>Ea</span> <span class='ocrx_word' id='word_1_199' title='bbox 1095 2438 1131 2480; x_wconf 91' lang='lat' dir='ltr'>re</span> <span class='ocrx_word' id='word_1_200' title='bbox 1157 2417 1314 2501; x_wconf 90' lang='lat' dir='ltr'>permissa</span> <span class='ocrx_word' id='word_1_201' title='bbox 1345 2417 1430 2481; x_wconf 89' lang='lat' dir='ltr'>diem</span> 
     </span>
     <span class='ocr_line' id='line_1_25' title="bbox 259 2499 1431 2585; baseline 0.002 -21"><span class='ocrx_word' id='word_1_202' title='bbox 259 2500 395 2566; x_wconf 80' lang='lat' dir='ltr'>coneilio</span> <span class='ocrx_word' id='word_1_203' title='bbox 427 2501 659 2565; x_wconf 85' lang='lat' dir='ltr'>constituerunt</span> <span class='ocrx_word' id='word_1_204' title='bbox 686 2510 717 2563; x_wconf 92' lang='lat' dir='ltr'>et</span> <span class='ocrx_word' id='word_1_205' title='bbox 743 2500 812 2564; x_wconf 90' lang='lat' dir='ltr'>iure</span> <span class='ocrx_word' id='word_1_206' title='bbox 839 2499 994 2582; x_wconf 85' lang='lat' dir='ltr'>iurando,</span> <span class='ocrx_word' id='word_1_207' title='bbox 1020 2503 1135 2585; x_wconf 80' lang='lat' dir='ltr'>nequis</span> <span class='ocrx_word' id='word_1_208' title='bbox 1158 2504 1346 2585; x_wconf 81' lang='lat' dir='ltr'>enuntiaret,</span> <span class='ocrx_word' id='word_1_209' title='bbox 1368 2504 1431 2568; x_wconf 90' lang='lat' dir='ltr'>nisi</span> 
     </span>
     <span class='ocr_line' id='line_1_26' title="bbox 259 2583 1479 2671; baseline 0.002 -21"><span class='ocrx_word' id='word_1_210' title='bbox 259 2586 376 2671; x_wconf 90' lang='lat' dir='ltr'>quibus</span> <span class='ocrx_word' id='word_1_211' title='bbox 404 2587 568 2651; x_wconf 87' lang='lat' dir='ltr'>communi</span> <span class='ocrx_word' id='word_1_212' title='bbox 595 2583 728 2648; x_wconf 84' lang='lat' dir='ltr'>oonsilio</span> <span class='ocrx_word' id='word_1_213' title='bbox 757 2584 947 2648; x_wconf 90' lang='lat' dir='ltr'>mandatum</span> <span class='ocrx_word' id='word_1_214' title='bbox 970 2595 1060 2667; x_wconf 89' lang='lat' dir='ltr'>esset,</span> <span class='ocrx_word' id='word_1_215' title='bbox 1087 2587 1169 2650; x_wconf 89' lang='lat' dir='ltr'>inter</span> <span class='ocrx_word' id='word_1_216' title='bbox 1188 2609 1221 2651; x_wconf 91' lang='lat' dir='ltr'>se</span> <span class='ocrx_word' id='word_1_217' title='bbox 1246 2597 1429 2652; x_wconf 87' lang='lat' dir='ltr'>sanxerunt.</span> <span class='ocrx_word' id='word_1_218' title='bbox 1442 2595 1479 2652; x_wconf 87' lang='lat'>15</span> 
     </span>
     <span class='ocr_line' id='line_1_27' title="bbox 231 2669 1429 2756; baseline 0.003 -24"><span class='ocrx_word' id='word_1_219' title='bbox 231 2669 246 2732; x_wconf 87' lang='lat'>1</span> <span class='ocrx_word' id='word_1_220' title='bbox 343 2670 470 2734; x_wconf 90' lang='lat' dir='ltr'>XXXI.</span> <span class='ocrx_word' id='word_1_221' title='bbox 493 2671 541 2734; x_wconf 86' lang='lat' dir='ltr'>Eo</span> <span class='ocrx_word' id='word_1_222' title='bbox 565 2669 700 2734; x_wconf 83' lang='lat' dir='ltr'>coneilio</span> <span class='ocrx_word' id='word_1_223' title='bbox 724 2669 856 2734; x_wconf 87' lang='lat' dir='ltr'>dimisso</span> <span class='ocrx_word' id='word_1_224' title='bbox 875 2669 962 2734; x_wconf 88' lang='lat' dir='ltr'>idem</span> <span class='ocrx_word' id='word_1_225' title='bbox 988 2671 1149 2755; x_wconf 77' lang='lat' dir='ltr'>principes</span> <span class='ocrx_word' id='word_1_226' title='bbox 1168 2673 1346 2753; x_wconf 83' lang='lat' dir='ltr'>ciuitatum,</span> <span class='ocrx_word' id='word_1_227' title='bbox 1373 2674 1429 2756; x_wconf 88' lang='lat' dir='ltr'>qui</span> 
     </span>
     <span class='ocr_line' id='line_1_28' title="bbox 259 2754 1429 2841; baseline 0 -23"><span class='ocrx_word' id='word_1_228' title='bbox 259 2765 332 2819; x_wconf 90' lang='lat' dir='ltr'>ante</span> <span class='ocrx_word' id='word_1_229' title='bbox 358 2755 501 2837; x_wconf 90' lang='lat' dir='ltr'>fuerant,</span> <span class='ocrx_word' id='word_1_230' title='bbox 534 2755 577 2818; x_wconf 90' lang='lat' dir='ltr'>ad</span> <span class='ocrx_word' id='word_1_231' title='bbox 607 2754 780 2819; x_wconf 78' lang='lat' dir='ltr'>Caesarem</span> <span class='ocrx_word' id='word_1_232' title='bbox 806 2765 1004 2820; x_wconf 90' lang='lat' dir='ltr'>reuerterunt</span> <span class='ocrx_word' id='word_1_233' title='bbox 1028 2758 1269 2841; x_wconf 88' lang='lat' dir='ltr'>petieruntque,</span> <span class='ocrx_word' id='word_1_234' title='bbox 1295 2758 1343 2820; x_wconf 94' lang='lat' dir='ltr'>uti</span> <span class='ocrx_word' id='word_1_235' title='bbox 1366 2755 1429 2820; x_wconf 89' lang='lat' dir='ltr'>sibi</span> 
     </span>
     <span class='ocr_line' id='line_1_29' title="bbox 258 2838 1429 2926; baseline -0.001 -21"><span class='ocrx_word' id='word_1_236' title='bbox 258 2852 378 2905; x_wconf 80' lang='lat' dir='ltr'>secreto</span> <span class='ocrx_word' id='word_1_237' title='bbox 404 2842 448 2924; x_wconf 90' lang='lat' dir='ltr'>[in</span> <span class='ocrx_word' id='word_1_238' title='bbox 475 2838 611 2922; x_wconf 83' lang='lat' dir='ltr'>occulto]</span> <span class='ocrx_word' id='word_1_239' title='bbox 641 2839 682 2902; x_wconf 92' lang='lat' dir='ltr'>de</span> <span class='ocrx_word' id='word_1_240' title='bbox 713 2862 773 2902; x_wconf 91' lang='lat' dir='ltr'>sua</span> <span class='ocrx_word' id='word_1_241' title='bbox 800 2840 1008 2925; x_wconf 92' lang='lat' dir='ltr'>omniumque</span> <span class='ocrx_word' id='word_1_242' title='bbox 1039 2839 1142 2906; x_wconf 88' lang='lat' dir='ltr'>salute</span> <span class='ocrx_word' id='word_1_243' title='bbox 1168 2862 1243 2905; x_wconf 85' lang='lat' dir='ltr'>eum</span> <span class='ocrx_word' id='word_1_244' title='bbox 1271 2863 1309 2905; x_wconf 92' lang='lat' dir='ltr'>eo</span> <span class='ocrx_word' id='word_1_245' title='bbox 1333 2863 1429 2926; x_wconf 85' lang='lat' dir='ltr'>agere</span> 
     </span>
     <span class='ocr_line' id='line_1_30' title="bbox 228 2924 1429 3012; baseline 0.002 -25"><span class='ocrx_word' id='word_1_246' title='bbox 228 2925 373 2990; x_wconf 65' lang='lat' dir='ltr'>Ilioeret.</span> <span class='ocrx_word' id='word_1_247' title='bbox 423 2926 474 2989; x_wconf 86' lang='lat' dir='ltr'>Ea</span> <span class='ocrx_word' id='word_1_248' title='bbox 499 2947 534 2989; x_wconf 92' lang='lat' dir='ltr'>re</span> <span class='ocrx_word' id='word_1_249' title='bbox 558 2927 730 3010; x_wconf 85' lang='lat' dir='ltr'>impetrata</span> <span class='ocrx_word' id='word_1_250' title='bbox 757 2945 826 2988; x_wconf 88' lang='lat' dir='ltr'>sese</span> <span class='ocrx_word' id='word_1_251' title='bbox 849 2947 959 2989; x_wconf 89' lang='lat' dir='ltr'>omnes</span> <span class='ocrx_word' id='word_1_252' title='bbox 978 2925 1090 2990; x_wconf 88' lang='lat' dir='ltr'>flentes</span> <span class='ocrx_word' id='word_1_253' title='bbox 1111 2924 1244 2990; x_wconf 81' lang='lat' dir='ltr'>Caesari</span> <span class='ocrx_word' id='word_1_254' title='bbox 1266 2926 1309 2990; x_wconf 93' lang='lat' dir='ltr'>ad</span> <span class='ocrx_word' id='word_1_255' title='bbox 1330 2927 1429 3012; x_wconf 89' lang='lat' dir='ltr'>pedes</span> 
     </span>
     <span class='ocr_line' id='line_1_31' title="bbox 257 3009 1478 3097; baseline 0.002 -22"><span class='ocrx_word' id='word_1_256' title='bbox 257 3013 474 3097; x_wconf 77' lang='lat' dir='ltr'>proiecerunt:</span> <span class='ocrx_word' id='word_1_257' title='bbox 504 3010 579 3075; x_wconf 89' lang='lat' dir='ltr'>Non</span> <span class='ocrx_word' id='word_1_258' title='bbox 601 3011 706 3076; x_wconf 87' lang='lat' dir='ltr'>minus</span> <span class='ocrx_word' id='word_1_259' title='bbox 730 3031 763 3072; x_wconf 90' lang='lat' dir='ltr'>se</span> <span class='ocrx_word' id='word_1_260' title='bbox 785 3009 820 3072; x_wconf 91' lang='lat' dir='ltr'>id</span> <span class='ocrx_word' id='word_1_261' title='bbox 847 3010 1039 3074; x_wconf 83' lang='lat' dir='ltr'>contendere</span> <span class='ocrx_word' id='word_1_262' title='bbox 1066 3021 1097 3075; x_wconf 88' lang='lat' dir='ltr'>et</span> <span class='ocrx_word' id='word_1_263' title='bbox 1123 3010 1288 3094; x_wconf 90' lang='lat' dir='ltr'>laborare,</span> <span class='ocrx_word' id='word_1_264' title='bbox 1314 3035 1355 3076; x_wconf 91' lang='lat' dir='ltr'>ne</span> <span class='ocrx_word' id='word_1_265' title='bbox 1381 3033 1427 3093; x_wconf 90' lang='lat' dir='ltr'>ea,</span> <span class='ocrx_word' id='word_1_266' title='bbox 1460 3020 1478 3077; x_wconf 88' lang='lat'>5</span> 
     </span>
    </p>
   </div>
   <div class='ocr_carea' id='block_1_4' title="bbox 256 3161 1428 3230">
    <p class='ocr_par' dir='ltr' id='par_1_6' title="bbox 256 3161 1428 3230">
     <span class='ocr_line' id='line_1_32' title="bbox 256 3161 1428 3230; baseline -0.002 -12"><span class='ocrx_word' id='word_1_267' title='bbox 256 3165 279 3218; x_wconf 88' lang='lat'>3.</span> <span class='ocrx_word' id='word_1_268' title='bbox 300 3165 376 3230; x_wconf 62' lang='lat' dir='ltr'>erant</span> <span class='ocrx_word' id='word_1_269' title='bbox 393 3163 421 3216; x_wconf 92' lang='lat' dir='ltr'><em>B</em></span> <span class='ocrx_word' id='word_1_270' title='bbox 454 3165 478 3217; x_wconf 83' lang='lat'>4.</span> <span class='ocrx_word' id='word_1_271' title='bbox 497 3161 595 3230; x_wconf 83' lang='lat' dir='ltr'>eorum]</span> <span class='ocrx_word' id='word_1_272' title='bbox 614 3177 663 3216; x_wconf 84' lang='lat' dir='ltr'>om.</span> <span class='ocrx_word' id='word_1_273' title='bbox 681 3161 758 3230; x_wconf 77' lang='lat' dir='ltr'>Apa</span> <span class='ocrx_word' id='word_1_274' title='bbox 794 3161 1086 3230; x_wconf 73' lang='lat' dir='ltr'>araum11au0num</span> <span class='ocrx_word' id='word_1_275' title='bbox 1107 3162 1147 3216; x_wconf 89' lang='lat' dir='ltr'>W.</span> <span class='ocrx_word' id='word_1_276' title='bbox 1167 3162 1242 3217; x_wconf 80' lang='lat' dir='ltr'>Paul</span> <span class='ocrx_word' id='word_1_277' title='bbox 1275 3163 1299 3218; x_wconf 86' lang='grc'>6.</span> <span class='ocrx_word' id='word_1_278' title='bbox 1318 3163 1428 3217; x_wconf 79' lang='lat' dir='ltr'>heluisi-</span> 
     </span>
    </p>
   </div>
   <div class='ocr_carea' id='block_1_5' title="bbox 256 3258 1427 3367">
    <p class='ocr_par' dir='ltr' id='par_1_7' title="bbox 256 3258 1427 3367">
     <span class='ocr_line' id='line_1_33' title="bbox 256 3258 1427 3367; baseline -0.001 -15"><span class='ocrx_word' id='word_1_279' title='bbox 256 3315 330 3353; x_wconf 89' lang='lat' dir='ltr'>orum</span> <span class='ocrx_word' id='word_1_280' title='bbox 348 3299 386 3352; x_wconf 87' lang='lat' dir='ltr'><strong><em>M</em></strong></span> <span class='ocrx_word' id='word_1_281' title='bbox 424 3301 599 3367; x_wconf 78' lang='lat' dir='ltr'>ooLx111(1);</span> <span class='ocrx_word' id='word_1_282' title='bbox 617 3296 643 3350; x_wconf 87' lang='lat' dir='ltr'><strong><em>A</em></strong></span> <span class='ocrx_word' id='word_1_283' title='bbox 662 3258 799 3352; x_wconf 44' lang='lat' dir='ltr'>OlchXIII.</span> <span class='ocrx_word' id='word_1_284' title='bbox 817 3296 846 3350; x_wconf 93' lang='grc' dir='ltr'><strong><em>Β</em></strong></span> <span class='ocrx_word' id='word_1_285' title='bbox 888 3296 1081 3365; x_wconf 87' lang='lat' dir='ltr'>latobrigorum</span> <span class='ocrx_word' id='word_1_286' title='bbox 1103 3298 1167 3352; x_wconf 86' lang='lat' dir='ltr'><strong><em>A¹B</em></strong></span> <span class='ocrx_word' id='word_1_287' title='bbox 1210 3300 1232 3352; x_wconf 76' lang='grc'>7.</span> <span class='ocrx_word' id='word_1_288' title='bbox 1261 3311 1427 3352; x_wconf 85' lang='lat' dir='ltr'>rauracorum</span> 
     </span>
    </p>
   </div>
   <div class='ocr_carea' id='block_1_6' title="bbox 256 3384 1429 3504">
    <p class='ocr_par' dir='ltr' id='par_1_8' title="bbox 256 3384 1429 3504">
     <span class='ocr_line' id='line_1_34' title="bbox 256 3384 1429 3504; baseline -0.004 -14"><span class='ocrx_word' id='word_1_289' title='bbox 256 3436 318 3491; x_wconf 80' lang='lat' dir='ltr'>Aa</span> <span class='ocrx_word' id='word_1_290' title='bbox 351 3441 470 3504; x_wconf 74' lang='lat' dir='ltr'>mmm</span> <span class='ocrx_word' id='word_1_291' title='bbox 493 3437 520 3491; x_wconf 98' lang='lat' dir='ltr'><strong><em>A</em></strong></span> <span class='ocrx_word' id='word_1_292' title='bbox 536 3435 651 3492; x_wconf 77' lang='lat' dir='ltr'>rnna</span> <span class='ocrx_word' id='word_1_293' title='bbox 685 3394 835 3502; x_wconf 61' lang='lat' dir='ltr'>asumme²</span> <span class='ocrx_word' id='word_1_294' title='bbox 849 3433 876 3488; x_wconf 92' lang='lat' dir='ltr'><strong><em>A</em></strong></span> <span class='ocrx_word' id='word_1_295' title='bbox 910 3433 934 3490; x_wconf 83' lang='lat' dir='ltr'>o.</span> <span class='ocrx_word' id='word_1_296' title='bbox 954 3384 1039 3490; x_wconf 63' lang='lat' dir='ltr'>cod.¹²</span> <span class='ocrx_word' id='word_1_297' title='bbox 1057 3435 1113 3491; x_wconf 78' lang='lat' dir='ltr'>nx.</span> <span class='ocrx_word' id='word_1_298' title='bbox 1131 3439 1188 3491; x_wconf 78' lang='lat' dir='ltr'>aa</span> <span class='ocrx_word' id='word_1_299' title='bbox 1206 3436 1232 3489; x_wconf 89' lang='lat' dir='ltr'><strong><em>A</em></strong></span> <span class='ocrx_word' id='word_1_300' title='bbox 1251 3433 1429 3491; x_wconf 77' lang='lat' dir='ltr'>ooonxvnr</span> 
     </span>
    </p>
   </div>
   <div class='ocr_carea' id='block_1_7' title="bbox 257 3531 1427 3813">
    <p class='ocr_par' dir='ltr' id='par_1_9' title="bbox 257 3531 1427 3813">
     <span class='ocr_line' id='line_1_35' title="bbox 257 3531 1427 3628; baseline -0.004 -1"><span class='ocrx_word' id='word_1_301' title='bbox 257 3572 284 3627; x_wconf 83' lang='lat' dir='ltr'><em>R</em></span> <span class='ocrx_word' id='word_1_302' title='bbox 303 3534 479 3628; x_wconf 73' lang='lat' dir='ltr'>udOvaru</span> <span class='ocrx_word' id='word_1_303' title='bbox 496 3571 525 3626; x_wconf 92' lang='lat' dir='ltr'><em>B</em></span> <span class='ocrx_word' id='word_1_304' title='bbox 560 3572 665 3625; x_wconf 88' lang='lat' dir='ltr'>domum</span> <span class='ocrx_word' id='word_1_305' title='bbox 688 3569 714 3622; x_wconf 87' lang='grc' dir='ltr'><em>Τ</em></span> <span class='ocrx_word' id='word_1_306' title='bbox 734 3569 810 3624; x_wconf 89' lang='lat' dir='ltr'>domo</span> <span class='ocrx_word' id='word_1_307' title='bbox 831 3569 977 3624; x_wconf 84' lang='lat' dir='ltr'>MB¹Ude</span> <span class='ocrx_word' id='word_1_308' title='bbox 997 3569 1073 3624; x_wconf 88' lang='lat' dir='ltr'>domo</span> <span class='ocrx_word' id='word_1_309' title='bbox 1090 3570 1117 3622; x_wconf 87' lang='lat' dir='ltr'><strong><em>A</em></strong></span> <span class='ocrx_word' id='word_1_310' title='bbox 1150 3569 1282 3623; x_wconf 86' lang='lat' dir='ltr'>ridierunt</span> <span class='ocrx_word' id='word_1_311' title='bbox 1299 3531 1376 3626; x_wconf 62' lang='lat' dir='ltr'>stein</span> <span class='ocrx_word' id='word_1_312' title='bbox 1394 3571 1427 3623; x_wconf 87' lang='lat' dir='ltr'>A.</span> 
     </span>
     <span class='ocr_line' id='line_1_36' title="bbox 324 3639 1427 3775; baseline -0.001 -30"><span class='ocrx_word' id='word_1_313' title='bbox 324 3691 407 3746; x_wconf 87' lang='lat' dir='ltr'>XXX.</span> <span class='ocrx_word' id='word_1_314' title='bbox 436 3691 458 3745; x_wconf 92' lang='lat'>1.</span> <span class='ocrx_word' id='word_1_315' title='bbox 478 3690 651 3745; x_wconf 85' lang='lat' dir='ltr'>helnioiorum</span> <span class='ocrx_word' id='word_1_316' title='bbox 675 3689 713 3744; x_wconf 89' lang='lat' dir='ltr'><strong><em>M</em></strong></span> <span class='ocrx_word' id='word_1_317' title='bbox 725 3688 814 3775; x_wconf 61' lang='lat' dir='ltr'>fesslre</span> <span class='ocrx_word' id='word_1_318' title='bbox 833 3639 971 3756; x_wconf 75' lang='lat' dir='ltr'>galiieB</span> <span class='ocrx_word' id='word_1_319' title='bbox 1005 3689 1029 3743; x_wconf 90' lang='lat'>3.</span> <span class='ocrx_word' id='word_1_320' title='bbox 1048 3688 1157 3743; x_wconf 83' lang='lat' dir='ltr'>tametsi</span> <span class='ocrx_word' id='word_1_321' title='bbox 1174 3687 1273 3743; x_wconf 78' lang='lat' dir='ltr'><strong><em>A‘TB&#39;</em></strong></span> <span class='ocrx_word' id='word_1_322' title='bbox 1290 3689 1386 3744; x_wconf 83' lang='lat' dir='ltr'>iamet</span> <span class='ocrx_word' id='word_1_323' title='bbox 1404 3691 1427 3744; x_wconf 87' lang='lat' dir='ltr'>si</span> 
     </span>
     <span class='ocr_line' id='line_1_37' title="bbox 831 3773 839 3813; baseline 0 0"><span class='ocrx_word' id='word_1_324' title='bbox 831 3773 839 3813; x_wconf 84' lang='lat' dir='ltr'>r</span> 
     </span>
    </p>
   </div>
   <div class='ocr_carea' id='block_1_8' title="bbox 255 3823 1428 4051">
    <p class='ocr_par' dir='ltr' id='par_1_10' title="bbox 255 3823 1428 4051">
     <span class='ocr_line' id='line_1_38' title="bbox 255 3823 1428 3913; baseline -0.003 -13"><span class='ocrx_word' id='word_1_325' title='bbox 255 3844 323 3900; x_wconf 75' lang='lat' dir='ltr'>eu</span> <span class='ocrx_word' id='word_1_326' title='bbox 353 3843 571 3900; x_wconf 64' lang='lat' dir='ltr'>seruandam</span> <span class='ocrx_word' id='word_1_327' title='bbox 601 3845 626 3898; x_wconf 77' lang='lat' dir='ltr'>a.</span> <span class='ocrx_word' id='word_1_328' title='bbox 645 3841 682 3913; x_wconf 60' lang='lat'>45.</span> <span class='ocrx_word' id='word_1_329' title='bbox 700 3843 727 3899; x_wconf 75' lang='lat' dir='ltr'>r.</span> <span class='ocrx_word' id='word_1_330' title='bbox 746 3845 773 3897; x_wconf 94' lang='lat' dir='ltr'><strong><em>A</em></strong></span> <span class='ocrx_word' id='word_1_331' title='bbox 789 3823 812 3898; x_wconf 67' lang='grc' dir='ltr'><strong><em>ἒ</em></strong></span> <span class='ocrx_word' id='word_1_332' title='bbox 826 3824 881 3900; x_wconf 71' lang='grc' dir='ltr'>ΞΒ</span> <span class='ocrx_word' id='word_1_333' title='bbox 920 3841 1063 3896; x_wconf 73' lang='lat' dir='ltr'>themar</span> <span class='ocrx_word' id='word_1_334' title='bbox 1080 3841 1106 3895; x_wconf 86' lang='lat' dir='ltr'><strong><em>A</em></strong></span> <span class='ocrx_word' id='word_1_335' title='bbox 1129 3841 1282 3896; x_wconf 72' lang='lat' dir='ltr'>seruarat</span> <span class='ocrx_word' id='word_1_336' title='bbox 1315 3843 1339 3898; x_wconf 82' lang='lat' dir='ltr'>a.</span> <span class='ocrx_word' id='word_1_337' title='bbox 1358 3841 1428 3897; x_wconf 76' lang='lat' dir='ltr'>nue-</span> 
     </span>
     <span class='ocr_line' id='line_1_39' title="bbox 255 3943 1422 4051; baseline -0.001 -16"><span class='ocrx_word' id='word_1_338' title='bbox 255 3943 440 4036; x_wconf 64' lang='lat' dir='ltr'>saltatum</span> <span class='ocrx_word' id='word_1_339' title='bbox 458 3981 495 4036; x_wconf 84' lang='lat' dir='ltr'><strong><em>M</em></strong></span> <span class='ocrx_word' id='word_1_340' title='bbox 526 3982 566 4036; x_wconf 87' lang='lat'>10.</span> <span class='ocrx_word' id='word_1_341' title='bbox 585 3981 639 4051; x_wconf 79' lang='lat' dir='ltr'>ue]</span> <span class='ocrx_word' id='word_1_342' title='bbox 657 3983 688 4035; x_wconf 75' lang='lat' dir='ltr'>ur</span> <span class='ocrx_word' id='word_1_343' title='bbox 705 3983 731 4035; x_wconf 92' lang='lat' dir='ltr'><strong><em>A</em></strong></span> <span class='ocrx_word' id='word_1_344' title='bbox 772 3983 812 4036; x_wconf 88' lang='lat'>13.</span> <span class='ocrx_word' id='word_1_345' title='bbox 831 3978 988 4047; x_wconf 69' lang='lat' dir='ltr'>ananau</span> <span class='ocrx_word' id='word_1_346' title='bbox 1004 3979 1033 4033; x_wconf 82' lang='grc' dir='ltr'><em>Β</em></span> <span class='ocrx_word' id='word_1_347' title='bbox 1051 3980 1092 4034; x_wconf 81' lang='lat'>14.</span> <span class='ocrx_word' id='word_1_348' title='bbox 1111 3980 1222 4034; x_wconf 75' lang='lat' dir='ltr'>anem</span> <span class='ocrx_word' id='word_1_349' title='bbox 1239 3980 1266 4033; x_wconf 93' lang='lat' dir='ltr'><strong><em>A</em></strong></span> <span class='ocrx_word' id='word_1_350' title='bbox 1302 3980 1343 4034; x_wconf 81' lang='lat'>15.</span> <span class='ocrx_word' id='word_1_351' title='bbox 1363 3996 1422 4034; x_wconf 84' lang='lat' dir='ltr'>oon·</span> 
     </span>
    </p>
   </div>
   <div class='ocr_carea' id='block_1_9' title="bbox 254 4077 1426 4358">
    <p class='ocr_par' dir='ltr' id='par_1_11' title="bbox 254 4077 1426 4358">
     <span class='ocr_line' id='line_1_40' title="bbox 254 4077 265 4106; baseline 0 0"><span class='ocrx_word' id='word_1_352' title='bbox 254 4077 265 4106; x_wconf 73' lang='lat' dir='ltr'>fl</span> 
     </span>
     <span class='ocr_line' id='line_1_41' title="bbox 255 4119 1426 4268; baseline 0.02 -47"><span class='ocrx_word' id='word_1_353' title='bbox 255 4119 421 4258; x_wconf 45' lang='lat' dir='ltr'>illmssffl·</span> <span class='ocrx_word' id='word_1_354' title='bbox 440 4202 463 4255; x_wconf 55' lang='grc' dir='ltr'>ρ,</span> <span class='ocrx_word' id='word_1_355' title='bbox 482 4204 523 4256; x_wconf 64' lang='lat' dir='ltr'>uti</span> <span class='ocrx_word' id='word_1_356' title='bbox 541 4204 576 4257; x_wconf 63' lang='lat' dir='ltr'>Ar</span> <span class='ocrx_word' id='word_1_357' title='bbox 593 4207 625 4258; x_wconf 77' lang='lat' dir='ltr'>ut</span> <span class='ocrx_word' id='word_1_358' title='bbox 642 4203 670 4258; x_wconf 91' lang='grc' dir='ltr'><em>Β</em></span> <span class='ocrx_word' id='word_1_359' title='bbox 703 4203 729 4258; x_wconf 91' lang='lat'>3.</span> <span class='ocrx_word' id='word_1_360' title='bbox 739 4217 811 4256; x_wconf 87' lang='lat' dir='ltr'>secro</span> <span class='ocrx_word' id='word_1_361' title='bbox 828 4202 856 4256; x_wconf 91' lang='lat' dir='ltr'>in</span> <span class='ocrx_word' id='word_1_362' title='bbox 874 4202 900 4256; x_wconf 90' lang='lat' dir='ltr'><strong><em>A</em></strong></span> <span class='ocrx_word' id='word_1_363' title='bbox 934 4202 961 4256; x_wconf 92' lang='lat' dir='ltr'>in</span> <span class='ocrx_word' id='word_1_364' title='bbox 980 4201 1091 4266; x_wconf 79' lang='lat' dir='ltr'>occulto]</span> <span class='ocrx_word' id='word_1_365' title='bbox 1111 4199 1161 4253; x_wconf 82' lang='lat' dir='ltr'>det.</span> <span class='ocrx_word' id='word_1_366' title='bbox 1180 4198 1285 4268; x_wconf 69' lang='lat' dir='ltr'>Friyelt</span> <span class='ocrx_word' id='word_1_367' title='bbox 1319 4205 1344 4253; x_wconf 88' lang='lat'>4.</span> <span class='ocrx_word' id='word_1_368' title='bbox 1362 4199 1426 4253; x_wconf 83' lang='lat' dir='ltr'>fian.</span> 
     </span>
     <span class='ocr_line' id='line_1_42' title="bbox 254 4287 461 4358; baseline 0.024 -21"><span class='ocrx_word' id='word_1_369' title='bbox 254 4289 305 4358; x_wconf 71' lang='lat' dir='ltr'>tes]</span> <span class='ocrx_word' id='word_1_370' title='bbox 323 4291 416 4358; x_wconf 87' lang='lat' dir='ltr'>gentes</span> <span class='ocrx_word' id='word_1_371' title='bbox 434 4287 461 4341; x_wconf 95' lang='lat' dir='ltr'><strong><em>A</em></strong></span> 
     </span>
    </p>
   </div>
   <div class='ocr_carea' id='block_1_10' title="bbox 0 0 1662 5100">
    <p class='ocr_par' dir='ltr' id='par_1_12' title="bbox 0 0 1662 5100">
     <span class='ocr_line' id='line_1_43' title="bbox 0 0 1662 5100; baseline 0 4"><span class='ocrx_word' id='word_1_372' title='bbox 0 0 1662 5100; x_wconf 95' lang='lat' dir='ltr'> </span> 
     </span>
    </p>
   </div>
  </div>
 </body>
</html>
