3308 5090
761 427 824 488 VH
1310 421 1372 486 195

210 593 353 657 exterriti
376 591 460 655 diem
486 601 677 676 noctemque
698 592 731 653 in
758 609 854 675 opere
875 600 1052 655 uersentur.
1097 590 1184 671 Quid
1202 614 1279 676 ergo
1307 592 1370 656 mei

209 676 332 743 consilii
350 676 423 741 est?
445 676 576 756 Facere,
595 675 682 760 quod
699 677 800 740 nostri
814 677 952 740 maiores
971 696 1176 775 nequaquam
1193 678 1265 761 pari
1281 675 1368 742 bello
1383 677 1421 742 12

208 762 414 827 Cimbrorum
432 761 678 845 Teutonumque
708 760 868 843 fecenrnt3
891 762 946 844 qui
967 760 1000 823 in
1023 759 1143 846 oppida
1165 760 1311 846 conpulsi
1331 783 1368 825 ac

208 845 304 911 simili
321 847 431 931 inopia
453 845 580 909 subacti
612 866 723 909 eorum
745 845 943 929 corporibus,
971 846 1026 930 qui
1052 853 1157 909 aetate
1184 845 1226 909 ad
1247 844 1369 910 bellum

156 941 195 1000 35
207 930 333 995 inutiles
355 930 558 1011 uidebantur,
579 931 680 993 uitam
697 928 915 994 tolerauenmt
931 950 1035 1014 neque
1053 951 1087 993 se
1103 928 1250 994 hostibus
1268 931 1367 995 tradi-

208 1017 329 1080 derunt.
373 1014 472 1079 Cuius
489 1017 535 1078 rei
558 1016 585 1078 si
607 1013 791 1099 exemplum
817 1014 1111 1094 non'haberemus,
1137 1023 1247 1078 tamen
1272 1014 1367 1080 liber-
1382 1019 1421 1084 13

206 1101 281 1164 tatis
304 1123 401 1165 causa
425 1101 547 1163 institui
570 1108 601 1164 et
622 1101 759 1185 posteris
785 1099 881 1184 prodi
907 1098 1159 1184 pulcherrimum
1182 1099 1367 1164 iudiearem.

206 1186 292 1248 Nam
325 1184 403 1271 quid
432 1182 479 1247 illi
506 1182 609 1248 simile
638 1182 725 1248 bello
756 1184 841 1247 fuit?
874 1185 968 1268 Depo
994 1183 1083 1247 ulata
1110 1182 1220 1248 Gallia
1246 1183 1370 1248 Cimbri
1382 1187 1422 1251 14

207 1291 391 1355 magnaque
415 1266 517 1333 inlata
547 1269 730 1333 calamitate
755 1268 874 1332 finibus
903 1205 1033 1354 quidbm
1054 1270 1171 1332 nostris
1194 1267 1367 1354 aliquando

156 1364 411 1424 40excesser1mt
440 1363 536 1439 atque
568 1352 648 1418 alias
678 1363 779 1417 terras
809 1355 984 1438 petierunt3
1020 1355 1103 1435 iura,
1130 1352 1231 1438 leges,
1262 1375 1368 1438 agros,

206 1438 385 1503 libertatem
408 1437 502 1503 nobis
528 1438 731 1524 reliquenmt.
773 1439 911 1502 Romani
937 1459 1014 1502 uero
1038 1437 1116 1523 quid
1140 1448 1253 1524 petunt
1280 1437 1369 1502 aliud
1379 1442 1419 1508 15

207 1534 262 1588 aut
284 1523 362 1609 quid
383 1523 505 1605 uolunt,
526 1525 588 1587 nisi
605 1523 730 1586 inuidia
749 1522 888 1605 adducti,
907 1545 987 1608 quos
1005 1522 1096 1586 fama
1112 1523 1238 1588 nobiles
1256 1533 1367 1609 poten-

205 1619 317 1694 tesque
346 1607 433 1672 bello
456 1617 689 1693 cognouerunt,
713 1607 827 1672 horum
851 1609 885 1671 in
912 1609 997 1693 agris
1024 1608 1271 1694 ciuitatibusque
1294 1630 1367 1672 eon-

206 1692 308 1758 sidere
335 1703 431 1778 atque
452 1693 502 1757 his
525 1703 688 1758 aeternam
709 1693 876 1778 iniungere
902 1691 1112 1758 seruitutem?
1151 1693 1264 1778 Neque
1283 1695 1367 1757 enim

154 1777 271 1846 sautia
304 1777 368 1842 alia
399 1777 589 1843 condicione
617 1776 706 1842 bella
737 1787 910 1863 gessenmt.
963 1777 1060 1858 Quod
1090 1778 1118 1841 si
1144 1799 1191 1860 ea,
1222 1799 1306 1863 quae
1334 1779 1419 1846 into

205 1863 259 1927 lon
284 1863 291 1878 ⁶
318 1864 388 1948 quis
411 1863 597 1927 nationibus
619 1871 784 1947 geruntur,
817 1864 986 1948 ignoratis,
1017 1885 1067 1927 res
1092 1863 1166 1926 icite
1195 1862 1367 1927 finitimam

206 1885 359 2029 (seddim,
386 1969 470 2033 quae
500 1949 533 2011 in
554 1949 756 2047 prouinciam
774 1947 913 2028 redacta,
934 1949 1004 2012 iure
1023 1956 1054 2011 et
1068 1885 1201 2033 iegibus
1224 1970 1365 2013 commu·

203 2033 287 2113 tatis,
305 2032 469 2096 securibus
492 2033 637 2098 subrecta
653 2054 694 2119 pe
735 2042 809 2097 etue
826 2035 975 2118 primitur
992 2029 1160 2096 seruitute.²

286 2117 477 2182 LXXVIII.
520 2055 806 2182 Sententiisrdictis
828 2120 1034 2200 constituunt,
1051 2126 1087 2180 ut
1110 2118 1152 2200 hi,
1174 2119 1229 2203 qui
1247 2116 1362 2180 ualitu-
1399 2123 1414 2185 1

184 2201 279 2266 'dine
297 2212 352 2267 aut
362 2212 467 2267 aetate
484 2201 610 2267 inutiles
629 2211 703 2266 sunt
719 2201 815 2284 bello,
834 2202 953 2287 oppido
972 2201 1129 2266 excedant
1148 2211 1244 2287 atque
1255 2203 1363 2266 omnia

202 2288 293 2386 prius
311 2289 527 2372 experiantur,
570 2310 646 2350 uam
670 2286 712 2351 ad
734 2286 916 2372 Critognati
943 2288 1132 2351 sententiam
1154 2285 1362 2368 descendant,

85 2389 88 2396 ·
203 2371 258 2435 rllo
281 2381 390 2436 tamen
410 2309 575 2456 [temporib
591 2372 698 2456 potius
709 2371 863 2436 utendum
881 2370 1025 2452 consilio,
1047 2371 1075 2435 si
1092 2393 1142 2435 res
1161 2381 1257 2456 cogat
1267 2380 1363 2455 atque
1396 2375 1416 2440 2

174 2455 327 2526 aauxilia
352 2465 526 2538 morentur,
557 2478 655 2541 quam
688 2466 743 2520 aut
768 2455 940 2520 deditionis
963 2466 1019 2520 aut
1043 2457 1134 2541 pacis
1162 2454 1364 2520 subeundam

204 2541 435 2606 condicionem.
456 2539 636 2623 Mandubii,
659 2543 713 2626 qui
736 2563 791 2605 eos
814 2541 936 2626 oppido
954 2551 1149 2625 receperant,
1167 2563 1240 2605 cum
1251 2540 1362 2604 liberis
1396 2543 1416 2608 3

203 2635 299 2712 atque
316 2625 473 2690 uxoribus
496 2627 584 2690 exire
606 2636 772 2710 eoguntur.
801 2626 847 2689 Hi
869 2649 942 2690 oum
966 2626 1009 2690 ad
1030 2627 1223 2692 munitiones
1245 2627 1363 2690 Roma·
1396 2629 1418 2693 4

200 2897 241 2954 31.
265 2897 318 2951 mei
340 2897 444 2952 consilii
463 2897 513 2965 est]
533 2896 557 2949 ei
575 2830 689 2950 consiiid
703 2896 729 2949 A
771 2896 813 2950 32.
831 2895 926 2965 nostri]
944 2896 973 2950 in
989 2895 1059 2966 Bpr.
1093 2896 1136 2951 33.
1153 2844 1235 2965 iliaco?
1251 2896 1277 2949 A
1313 2895 1361 2949 hsc

200 2983 235 3036 A*
269 2982 312 3037 34.
333 2981 366 3036 ad
384 2981 484 3037 bellurn
501 2981 612 3037 inutiles
631 3001 649 3036 α
666 2981 776 3036 inutiles
793 2980 827 3034 sd
845 2980 947 3036 bellum
961 2988 982 3076 p
1008 2981 1049 3036 35.
1059 2997 1088 3036 se
1106 2980 1227 3036 hostibus
1247 3001 1264 3033 α
1282 2980 1365 3035 hosti-

200 3118 250 3171 bus
268 3124 331 3186 sep
364 3118 406 3172 36.
426 3117 509 3173 (iuius
526 3116 732 3183 -iudioare1n]
751 3123 837 3185 ceap
863 3117 904 3172 38.
922 3077 969 3171 illd
987 3115 1015 3170 Β
1048 3117 1089 3174 39.
1099 3114 1206 3187 quidem
1218 3115 1253 3169 A‘
1270 3111 1363 3184 qui(d)i

202 3201 261 3256 dem
277 3201 314 3265 Β,
323 3207 410 3273 osai}
441 3201 483 3256 40.
502 3200 587 3270 adque
605 3201 645 3255 B¹
668 3202 815 3324 tpetierunt
834 3222 851 3254 a
868 3201 1023 3271 petiuerunt
1045 3209 1063 3270 β
1098 3202 1139 3258 41.
1158 3203 1266 3270 petunt]
1285 3200 1364 3268 adpe-

201 3337 265 3389 tunt
283 3333 356 3388 Paul
398 3284 486 3403 aliud)
503 3333 532 3388 Β
573 3334 614 3389 44.
633 3333 738 3405 a(d)que
755 3335 783 3390 Β
825 3335 868 3391 45.
884 3337 941 3391 ulla
960 3356 978 3388 α
998 3352 1125 3405 umquam
1147 3338 1273 3406 (unquam
1294 3333 1364 3403 Uip

201 3468 350 3524 condicione
367 3469 403 3522 A‘
420 3468 570 3524 conditione
588 3469 617 3524 Β
649 3470 692 3526 46.
710 3470 875 3539 &ignoratis
892 3470 920 3525 Β
954 3471 1052 3540 respice
1069 3470 1110 3526 Βι
1143 3472 1185 3525 47.
1194 3431 1361 3539 ie(i›)ibusA

200 3554 242 3609 48.
260 3555 407 3622 praemitur
423 3554 458 3610 Β.

270 3672 416 3728 axxvnr.
446 3675 469 3728 1.
488 3672 517 3727 hi
536 3692 562 3741 a,
580 3680 667 3743 aaa
700 3674 849 3728 ualitudine
866 3674 920 3741 Aa
941 3634 1094 3728 arianae
1118 3672 1147 3728 Β
1198 3675 1222 3728 s.
1250 3675 1318 3731 aare
1336 3677 1362 3731 A

201 3811 263 3863 sunt
283 3828 300 3861 α
317 3809 409 3879 sinte
444 3757 540 3879 oppriib
557 3810 585 3864 Β
624 3810 649 3865 3.
668 3809 837 3880 experiantur
854 3817 873 3878 β
889 3809 1062 3878 expediantur
1081 3830 1098 3862 a
1141 3810 1175 3865 ab
1194 3811 1363 3879 egritognati

200 3942 269 4013 (egri
285 3905 432 4012 toinatiB)
450 3945 586 4000 sententis
602 3945 734 4016 (sentenet
744 3943 791 4012 M)
809 3944 945 4000 discedant
964 3965 982 3997 α
999 3945 1033 4000 ab
1050 3947 1211 4015 eoritognati
1228 3950 1363 4003 sententia

201 4028 368 4098 descidantss
385 4031 419 4084 ad
430 4031 585 4099 Critognati
602 4031 764 4086 sententiam
783 4029 944 4086 descendant
952 4030 1042 4086 Aldus
1075 4032 1100 4087 4.
1110 4033 1229 4100 tempore
1238 4052 1266 4102 α,
1285 4049 1334 4087 om.
1343 4038 1364 4104 β

200 4113 224 4168 ὁ.
243 4113 366 4168 auxisB¹
383 4117 430 4169 aut
448 4115 590 4170 deditionis
608 4115 706 4186 (dodim
724 4115 772 4186 M)
791 4118 839 4170 aut
857 4116 928 4186 pacis
946 4115 1045 4186 (paucis
1062 4116 1109 4184 M)
1128 4137 1146 4169 α
1173 4115 1316 4173 deditionis
1335 4123 1363 4176 ei

958 4213 970 4243 θ

201 4249 308 4318 peasa
361 4251 385 4304 6.
411 4249 560 4329 condicione
576 4251 611 4305 A‘
637 4250 814 4306 conditionem
833 4250 861 4306 Β
912 4255 1060 4336 reciperent
1076 4252 1103 4306 A
1150 4253 1174 4309 7.
1196 4268 1362 4308 romanorum

203 4351 228 4397 α,
290 4375 296 4388 .
334 4372 340 4386 .

246 4339 333 4402 omi
1162 4422 1210 4476 13*
