3308 5090
1331 386 1396 450 215

230 582 300 623 rem
320 559 501 643 gessissent,
518 560 675 623 uictoriae
716 557 832 623 loriam
851 560 1104 622 communicasse
1122 580 1195 620 curn
1212 555 1395 640 legionibus

233 643 438 726 uiderentur,
470 644 578 708 hostes
606 581 777 707 concidunt
805 643 920 706 animis
948 652 1044 727 atque
1069 640 1237 705 itineribus
1260 640 1396 705 diuersis

235 728 349 812 fugam
368 739 526 812 quaerunt
542 729 752 812 nequiquam,
766 750 842 790 nam
862 727 978 812 quibus
999 726 1244 790 difficultatibus
1255 723 1424 802 locorumti

233 813 397 877 Romanos
421 813 571 877 claudere
593 813 771 892 uoluerant,
794 813 834 874 iis
857 812 921 895 ipsi
942 810 1140 875 tenebantur.
1183 811 1272 874 Victi
1293 808 1422 874 tamen‘l

182 905 222 962 20
231 896 444 982 perculsique,
467 899 589 962 maiore
610 907 703 982 parte
723 897 842 960 amissa
861 897 1054 960 consternati
1071 895 1261 980 profugiunt
1277 897 1396 979 partim

233 981 324 1044 siluis
354 983 479 1067 petitis,
510 983 629 1066 partim
661 980 795 1045 flumine
831 982 899 1065 (qui
930 991 1038 1044 tamen
1069 981 1102 1043 in
1128 979 1209 1126 supa
1234 1003 1254 1042 a
1279 980 1397 1043 nostris

233 1067 348 1129 acriter
365 1066 608 1151 insequentibus
627 1065 862 1146 conficiuntur),
878 1087 951 1129 cum
969 1065 1096 1128 interim
1110 1063 1166 1126 nul
1180 1087 1200 1126 a
1214 1062 1426 1127 calamitate8

231 1151 335 1213 uictus
346 1149 484 1215 Correus
494 1151 649 1215 excedere
662 1150 785 1236 proelio
806 1150 968 1233 siluasque
985 1159 1094 1234 petere
1112 1158 1168 1212 aut
1184 1147 1396 1212 inuitantibus

231 1236 349 1299 nostris
373 1235 415 1299 ad
438 1235 634 1300 deditionem
676 1235 758 1299 otuit
777 1233 903 1314 adduci,
926 1235 1002 1318 quin
1021 1233 1194 1297 fortissime
1209 1232 1396 1318 proeliando

181 1325 220 1383 25
232 1319 465 1404 conpluresque
496 1259 695 1384 uulnerando
723 1329 852 1403 cogeret
878 1317 979 1383 elatos
1009 1317 1174 1381 iracundia
1201 1319 1339 1381 uictores
1365 1318 1413 1379 in'

231 1425 265 1466 se
286 1404 351 1467 tela
373 1407 503 1469 coicere.

315 1488 390 1552 XX.
422 1489 497 1553 Tali
522 1488 620 1554 modo
646 1509 682 1550 re
708 1497 800 1572 gesta
828 1486 1008 1552 recentibus
1039 1486 1155 1572 proelii
1177 1487 1325 1569 uestigiis
1348 1484 1425 1548 in·l

230 1595 358 1656 gressus
377 1573 506 1654 Caesar,
529 1595 603 1636 cum
624 1574 727 1637 uictos
745 1582 837 1635 tanta
855 1571 1040 1636 calamitate
1058 1573 1268 1635 existumaret
1293 1570 1401 1634 hostes

230 1659 341 1722 nuntio
366 1681 441 1722 acce
465 1668 498 1724 to
521 1658 630 1722 locum
653 1668 831 1721 castrorum
853 1656 1033 1737 relicturos,
1066 1678 1149 1741 quae
1175 1678 1241 1720 non
1270 1654 1401 1739 longius

232 1741 273 1804 ab
306 1765 345 1805 ea
375 1681 474 1806 caede
501 1742 615 1806 abesse
640 1764 793 1826 passuum
814 1741 898 1806 VIII
925 1740 1054 1805 milibus
1083 1739 1286 1821 dicebantur,
1317 1748 1398 1803 tam-

201 1827 290 1888 5etsi
311 1824 443 1890 flumine
463 1827 642 1912 inpeditum
663 1828 834 1890 transitum
855 1824 1002 1906 uidebat,
1032 1835 1142 1890 tamen
1169 1825 1312 1888 exercitu
1335 1834 1398 1887 tra-

231 1909 327 1974 ducto
353 1911 567 1996 progreditur.
610 1911 656 1974 At
681 1911 850 1975 Bellouaci
870 1910 1078 1995 reliquaeque
1099 1911 1246 1973 ciuitates
1267 1905 1427 1993 repente2

230 2017 271 2058 ex
303 1995 383 2080 fuga
412 1998 524 2081 paucis
557 2006 653 2080 atque
681 1996 731 2060 his
762 1995 938 2059 uulneratis
969 1996 1122 2080 receptis,
1159 1995 1213 2078 qui
1244 1993 1398 2057 siluarum

228 2078 383 2145 beneficio
403 2103 514 2145 casum
533 2082 741 2156 euitauerant,
763 2080 912 2144 omnibus
932 2078 1082 2158 aduersis,
1107 2079 1247 2162 [cognita
1269 2077 1398 2142 calami-

228 2165 315 2247 tatel,
337 2165 503 2229 interfecto
521 2165 650 2245 Correo,
674 2166 790 2228 amisso
811 2165 956 2249 equitatu
974 2173 1005 2226 et
1022 2164 1205 2228 fortissimis
1227 2162 1398 2248 peditibus,

180 2255 219 2312 10
230 2271 303 2311 cum
327 2249 501 2313 aduentare
523 2250 687 2313 Romanos
716 2250 953 2329 existimarent,
985 2247 1118 2312 concilio
1146 2256 1275 2331 repente
1302 2257 1398 2310 cantu

229 2331 382 2396 tubarum
404 2343 581 2398 conuocato
605 2333 815 2412 conclamant,
837 2331 936 2415 legati
957 2331 1149 2415 obsidesque
1167 2330 1209 2394 ad
1228 2330 1399 2395 Caesarem

230 2419 406 2479 mittantur.

318 2501 412 2564 XXI.
434 2501 506 2565 Hoc
526 2500 674 2564 omnibus
697 2499 835 2585 probato
865 2499 996 2564 consilio
1014 2499 1180 2563 Commius
1198 2497 1338 2563 Atrebas
1357 2497 1426 2562 adl

231 2606 285 2649 eos
313 2585 458 2670 confugit
481 2584 680 2666 Germanos,
713 2608 732 2648 a
764 2584 881 2669 quibus
912 2584 954 2648 ad
976 2583 1010 2648 id
1036 2583 1159 2648 bellum
1182 2583 1305 2647 auxilia
1330 2606 1398 2646 mu-

231 2680 339 2734 tuatus
371 2680 447 2734 erat.
492 2669 598 2734 Ceteri
629 2692 646 2734 e
676 2670 814 2754 uestigio
844 2670 974 2733 mittunt
1002 2668 1044 2732 ad
1070 2668 1243 2732 Gaesarem
1274 2667 1429 2767 legatos2

201 2765 436 2904 addititii,
451 2763 752 2924 ttttttttt
769 2754 1400 2924 tttttltlttttctttttttt
1446 2875 1449 2879 -

230 2923 430 2988 humanitate
451 2947 631 3072 numquam
652 2923 799 3008 profecto
823 2932 906 2987 esset
933 2923 1098 2987 inlaturus.
1141 2921 1299 2987 Adflictas
1322 2922 1430 3006 opes3

231 3011 370 3093 equestri
391 3008 514 3095 proelio
563 3009 783 3074 ellouacorum
801 3031 888 3092 essc3
911 3007 1107 3074 delectorum
1129 3007 1276 3092 peditum
1298 3007 1400 3070 multa

231 3175 270 3228 17.
289 3175 458 3243 itineribusfl
481 3176 508 3229 in
527 3176 669 3229 itineribus
688 3195 705 3228 α
742 3177 782 3229 19.
800 3177 833 3229 iis
842 3175 894 3244 ipsi
914 3196 931 3227 α
948 3175 1000 3244 ipsi
1018 3183 1035 3243 β
1070 3176 1111 3229 20.
1131 3175 1294 3228 consternati
1314 3194 1331 3226 α
1349 3190 1399 3242 quo

230 3258 283 3311 fors
301 3259 401 3312 tulerat
420 3260 582 3313 consternati
601 3266 618 3326 β
653 3261 694 3312 21.
713 3276 729 3312 a
749 3279 774 3328 α,
793 3275 843 3313 om.
861 3265 881 3332 β
896 3259 936 3313 23.
956 3275 1060 3313 correus
1077 3259 1214 3330 ficorbeus
1233 3278 1251 3312 α
1286 3259 1327 3312 25.
1346 3259 1399 3310 ela·

235 3344 435 3413 mmmss

299 3497 356 3547 XX.
377 3496 399 3547 1.
410 3494 527 3562 regiesta
544 3494 572 3547 B
606 3429 757 3548 receniibus
774 3495 801 3549 Α
835 3493 1027 3564 ingraessusB
1060 3495 1085 3548 3.
1104 3509 1154 3562 que
1172 3493 1212 3546 Β1
1246 3494 1270 3547 4.
1290 3493 1400 3548 cederi*

230 3594 354 3646 passuum
373 3577 478 3648 Frtqetl
495 3579 554 3646 plus
572 3579 659 3632 minus
678 3579 710 3632 X
760 3581 784 3634 5.
803 3578 926 3647 iupeditu
943 3578 978 3632 A¹
996 3577 1154 3646 impeditum
1177 3577 1205 3630 B
1247 3579 1272 3631 8.
1291 3579 1400 3647 cognita

230 3661 393 3731 calamitate]
413 3661 462 3716 del.
481 3662 668 3731 Ditteaberper
711 3665 734 3716 9.
754 3679 841 3717 correo
859 3667 879 3734 β
895 3662 990 3716 corbeo
1010 3683 1028 3714 α
1071 3663 1229 3716 fortissimos
1246 3662 1317 3732 Bpr.
1357 3665 1397 3718 11.

232 3746 388 3814 obsidesque
409 3767 426 3798 α
444 3752 472 3800 et
490 3746 595 3800 obsides
614 3751 633 3818 β
668 3747 708 3802 12.
727 3747 874 3800 mittuntur
891 3745 936 3801 B‘.

298 3835 370 3884 XXI.
390 3832 413 3884 1.
433 3830 556 3884 omnibus
573 3831 685 3899 probato
704 3830 812 3885 consilio
828 3849 845 3881 α
864 3830 973 3884 consilio
990 3830 1111 3884 omnibus
1129 3830 1242 3900 probato
1252 3838 1269 3899 β
1304 3832 1327 3884 2.
1338 3847 1397 3885 con·

231 3915 303 3983 fugit
323 3931 462 3984 germanos
482 3935 500 3966 α
517 3931 657 3983 germanos
675 3915 766 3984 pfugit
785 3921 803 3982 β
838 3915 871 3968 ad
889 3913 917 3968 id
935 3914 1036 3968 bellum
1055 3916 1156 3969 auxilia
1174 3920 1314 3969 mutuatus
1331 3916 1398 3985 (mu-

230 4002 305 4054 tatus
322 3998 358 4065 A)
376 4003 433 4054 crat
453 4021 469 4051 α
488 4004 546 4054 erat
564 3999 597 4052 ad
616 3999 716 4053 bellum
735 4000 835 4052 auxilia
852 4001 992 4053 mutuatus
1011 4006 1028 4067 β
1063 4000 1087 4054 4.
1106 4001 1293 4085 petuntvquae
1311 3999 1340 4053 B
1373 4001 1399 4054 5.

231 4135 264 4188 ad
283 4149 334 4203 que
351 4134 379 4188 B
421 4137 444 4190 6.
464 4138 535 4189 essct
553 4135 686 4188 inlaturus
704 4095 842 4200 (inlaturds
860 4133 897 4197 Β)
917 4154 934 4185 α
951 4135 1085 4188 inlaturus
1104 4137 1175 4188 esset
1194 4142 1211 4202 β
1259 4136 1283 4189 6.
1301 4134 1399 4188 Adflic-

229 4291 272 4340 tas
290 4286 341 4356 (Ad
361 4249 442 4355 fictis
460 4287 509 4355 M)
529 4306 546 4339 α
564 4286 712 4355 adfectasss
747 4288 769 4341 t.
780 4221 949 4340 bellodacorc
967 4286 994 4341 A
