3308 5090
291 364 351 431 186
836 372 899 432 VII

203 613 208 624 Ι
261 535 276 597 1
373 533 493 600 LXVI.
523 534 662 616 Interea,
693 535 769 599 dum
796 536 875 600 haec
906 547 1073 621 gemntur,
1104 537 1246 601 hostium
1273 540 1386 623 copiae
1418 563 1460 603 ex

288 621 444 686 Aruernis
462 621 656 705 equitesque,
675 622 729 706 qui
747 622 806 684 toti
825 620 953 686 Galliae
969 632 1060 686 erant
1077 623 1238 708 imperati,
1255 626 1459 688 conueniunt.

260 706 409 790 altagno
432 704 547 768 horum
577 714 687 770 coacto
714 727 865 787 numero,
897 728 970 770 cum
994 706 1114 772 Caesar
1141 709 1175 770 in
1202 707 1370 793 Sequanos
1398 732 1458 794 per

289 801 449 857 extremos
467 789 650 874 Lingonum
671 789 751 854 fines
777 791 837 855 iter
863 791 996 874 faceret,
1032 814 1095 876 quo
1123 791 1249 856 facilius
1277 792 1458 858 subsidium

287 877 475 964 prouinciae
501 874 577 938 ferri
594 886 710 961 posset,
734 877 859 939 circiter
884 876 975 940 milia
999 899 1155 961 passuum
1174 877 1208 940 X
1235 877 1276 941 ab
1300 879 1456 943 Romanis
1490 883 1508 940 5

258 959 377 1026 3trinis
396 961 508 1026 castris
523 961 772 1045 Vercingetorix
790 961 935 1025 consedit
953 963 1205 1047 conuocatisque
1224 963 1266 1026 ad
1285 961 1456 1027 concilium

286 1046 456 1148 praefectis
475 1047 618 1131 equitum
640 1048 767 1110 uenisse
788 1056 913 1131 tempus
928 1048 1087 1110 uictoriae
1110 1047 1321 1111 demonstrat:
1343 1047 1455 1132 fugere

256 1127 320 1196 4111
336 1131 538 1218 prouinciam
556 1131 721 1196 Romanos
744 1129 918 1215 Galliaque
944 1130 1108 1196 excedere.
1150 1132 1191 1196 Id
1214 1131 1276 1196 sibi
1299 1132 1342 1196 ad
1364 1155 1454 1217 prae

287 1227 408 1282 sentem
432 1216 639 1302 optinendam
666 1215 847 1280 libertatem
876 1218 953 1281 satis
981 1239 1066 1300 esse,
1094 1217 1136 1280 ad
1162 1217 1278 1302 reliqui
1300 1219 1454 1302 temporis

285 1324 398 1390 paoem
422 1312 519 1388 atque
541 1302 641 1365 otium
659 1323 775 1386 parum
797 1300 927 1386 profici:
965 1301 1142 1366 maioribus
1165 1303 1249 1366 enim
1268 1303 1387 1366 coactis
1402 1323 1453 1366 co·
1466 1307 1506 1364 10

285 1388 348 1490 piis
358 1408 543 1452 reuersuros
556 1407 661 1471 neque
673 1385 771 1450 finem
785 1384 928 1450 bellandi
943 1386 1094 1451 facturos.
1121 1386 1261 1452 Proinde
1275 1391 1311 1452 in
1324 1388 1453 1472 agmine

256 1469 446 1558 impeditos
475 1470 684 1536 adorirentur.
737 1469 773 1536 Si
799 1471 922 1556 pedites
950 1473 1015 1535 suis
1042 1471 1201 1536 auxilium
1227 1471 1334 1536 ferant
1356 1482 1453 1557 atque

286 1558 319 1622 in
337 1579 374 1622 eo
401 1564 577 1636 morentur,
604 1557 664 1620 iter
685 1556 792 1620 faeere
813 1579 878 1620 nou
901 1579 1012 1641 posse3
1035 1557 1071 1636 si,
1093 1555 1127 1619 id
1154 1557 1243 1642 quod
1271 1557 1378 1641 magis
1404 1557 1452 1620 fu-

285 1649 392 1706 turum
419 1639 574 1722 confidat,
596 1641 714 1707 relictis
742 1641 967 1726 inpedimentis
995 1664 1072 1706 suae
1097 1641 1192 1705 saluti
1216 1641 1394 1720 consulant,
1421 1651 1453 1705 et

257 1723 346 1791 6usu
368 1747 474 1790 rerum
493 1727 746 1792 necessariarum
769 1736 800 1790 et
828 1726 986 1811 dignitate
1012 1725 1186 1812 spoliatum
1213 1729 1261 1790 iri.
1304 1727 1389 1790 Nam
1413 1726 1452 1790 de
1464 1731 1504 1790 15

286 1809 447 1898 equitibus
474 1810 622 1892 hostium,
653 1812 729 1896 quin
755 1833 849 1875 nemo
886 1834 996 1876 eorum
1022 1812 1177 1896 progredi
1215 1811 1313 1876 modo
1355 1821 1448 1876 extra

286 1917 405 1982 agmen
421 1895 547 1978 audeat,
573 1896 625 1980 [et]
646 1897 735 1982 ipsos
754 1895 884 1980 quidem
906 1920 972 1962 non
994 1895 1111 1961 debere
1130 1896 1286 1961 dubitare.
1331 1896 1449 1981 quue

286 1982 406 2046 maiore
428 1981 550 2045 faciant
576 1982 696 2063 animo,
719 1983 829 2066 copias
852 2005 885 2046 se
909 2004 1018 2046 omnes
1040 2005 1099 2067 pro
1128 1982 1241 2046 castris
1263 1980 1451 2045 habiturum

258 2061 317 2132 tet
343 2067 457 2131 terrori
481 2064 628 2132 hostibus
655 2066 806 2130 futurum.
851 2066 1063 2132 Conclamant
1086 2069 1221 2152 equites:
1249 2066 1450 2130 sanctissimo

284 2149 515 2216 iureiurando
543 2151 726 2216 confirmari
754 2161 914 2235 oportere,
944 2174 985 2216 ne
1011 2161 1095 2216 tecto
1122 2153 1310 2237 recipiatur,
1340 2172 1381 2214 ne
1408 2150 1451 2214 ad
1460 2157 1504 2215 20

285 2235 412 2318 liberos,
434 2259 474 2302 ne
493 2236 536 2302 ad
553 2246 710 2323 parentes,
733 2236 775 2300 ad
797 2253 932 2302 uxorem
952 2237 1075 2301 aditum
1093 2237 1222 2318 habeat,
1246 2238 1300 2322 qui
1318 2258 1382 2300 non
1398 2234 1451 2299 bis

284 2344 343 2410 per
361 2345 478 2408 agmen
495 2322 637 2388 hostium
655 2322 895 2408 perequitasset.

257 2403 273 2468 i
369 2407 506 2474 LXVII.
536 2407 679 2474 Probata
705 2429 740 2472 re
767 2417 864 2492 atque
891 2407 1040 2472 omnibus
1069 2405 1295 2471 iureiurando
1319 2405 1451 2485 adactis,

284 2503 412 2579 postero
437 2493 488 2559 die
511 2493 543 2558 in
564 2503 628 2558 tres
649 2502 759 2580 partes
783 2491 952 2558 distributo
976 2494 1120 2577 equitatu
1137 2491 1221 2555 duae
1244 2513 1277 2555 se
1301 2493 1385 2555 acies
1408 2489 1449 2553 ab

286 2577 412 2644 duobus
435 2577 589 2644 lateribus
613 2577 794 2659 ostendunt,
816 2600 882 2641 una
904 2601 923 2642 a
945 2579 1049 2663 primo
1074 2578 1202 2662 agmine
1224 2577 1284 2640 iter
1305 2575 1450 2660 inpedire

255 2659 398 2749 Pooepit.
432 2663 507 2745 Qua
523 2685 557 2726 re
575 2663 722 2726 nuntiata
740 2661 861 2726 Caesar
879 2685 972 2726 suum
992 2684 1120 2747 quoquc
1143 2663 1320 2746 equitatum
1338 2661 1449 2807 triper-

284 2748 342 2812 tito
366 2745 504 2812 diuisum
528 2757 641 2812 contra
664 2746 788 2810 hostem
810 2748 857 2810 ire
878 2747 975 2811 iubet.
1018 2747 1187 2832 Pugnatur
1213 2769 1279 2809 una
1301 2747 1389 2810 omni
1412 2767 1450 2807 us
1484 2748 1503 2805 5

284 2853 508 2953 mliXVP-l.
527 2898 562 2952 du
580 2897 606 2951 A
640 2898 666 2955 2.
684 2900 737 2954 toti
754 2898 854 2966 galliae
872 2898 964 2967 (gallie
982 2897 1029 2966 M)
1049 2918 1067 2953 α
1090 2901 1149 2953 tots
1167 2898 1253 2967 gallis
1271 2903 1290 2968 β
1323 2896 1347 2951 3.
1366 2895 1395 2949 in
1411 2912 1451 2949 se-

287 3049 388 3103 quanos
407 3053 433 3097 α,
451 3049 501 3090 om.
519 3038 540 3107 β
572 3034 597 3088 4.
615 3033 754 3102 lingonum
771 3031 896 3088 ABcorr.
914 2995 1048 3102 lingondm
1067 3034 1105 3089 M
1118 3034 1249 3102 lignorum
1267 3032 1452 3101 B¹1inguonn

288 3118 352 3175 TU*
368 3118 506 3188 linguones
528 3119 556 3174 U
585 3119 611 3175 ὅ.
629 3118 813 3187 prouintiasA
864 3119 926 3174 ferri
946 3139 963 3170 α
980 3123 1086 3194 ferress
1127 3122 1151 3176 6.
1169 3118 1319 3173 conuocatis
1337 3119 1408 3186 quae
1425 3115 1452 3170 B

286 3257 310 3312 a
329 3255 442 3327 gaurus
460 3271 509 3326 qus
527 3254 555 3310 Β
581 3257 702 3325 praela
719 3256 755 3310 n‘
777 3257 801 3311 a
820 3254 964 3324 optinenda
980 3255 1007 3309 n
1024 3254 1194 3310 ontinenam
1211 3253 1240 3308 Β
1257 3255 1298 3308 11.
1317 3214 1452 3308 flasi

286 3391 326 3462 in]
345 3391 409 3448 ada.
426 3354 541 3448 Dribner
568 3392 609 3449 12.
626 3353 770 3460 impeditis
787 3391 816 3445 B
837 3392 1003 3446 adorirentur
1020 3391 1066 3462 Αβ
1082 3391 1235 3446 adoriantur
1244 3389 1313 3444 MB‘
1331 3389 1450 3444 adorian-

287 3506 332 3558 tur
368 3503 465 3560 Rcorr.
492 3504 589 3560 ferent.
625 3482 1443 3602 Q

287 3624 348 3692 stq;
366 3622 395 3677 B
429 3623 469 3678 13.
488 3625 547 3680 iter
563 3626 592 3681 B
608 3628 680 3683 inter
696 3628 723 3682 A
757 3629 842 3682 faeere
862 3646 879 3677 α
905 3625 1035 3696 conficis
1077 3628 1117 3680 14.
1136 3627 1251 3681 confidet
1269 3646 1287 3681 α
1305 3628 1453 3681 confidebat

288 3711 308 3780 β
331 3706 520 3776 inpedimentis
537 3710 572 3764 A*
593 3711 792 3781 impedimentis
810 3710 839 3765 B
864 3710 1091 3764 remansurum
1108 3709 1144 3763 Β’
1180 3712 1219 3765 16.
1229 3711 1306 3766 modo
1325 3732 1350 3776 α,
1369 3716 1455 3784 omfl

289 3793 330 3846 17.
341 3793 369 3845 et
387 3792 458 3860 ipsos
475 3793 581 3862 quidem
599 3813 678 3851 nonu
695 3813 728 3851 ne
747 3797 816 3864 ipsos
834 3792 941 3864 quidem
957 3799 978 3865 β
994 3793 1031 3864 et]
1048 3793 1098 3848 del.
1113 3793 1213 3849 Wlu'tte
1246 3811 1297 3864 quo
1313 3802 1335 3868 β
1350 3797 1418 3866 quod
1436 3816 1454 3851 α

289 3878 329 3931 19.
348 3875 469 3932 hostibus
496 3878 617 3934 futurum
636 3901 654 3936 α
671 3880 796 3936 hostidr‘r
817 3879 980 3950 defuturuss
1003 3878 1196 3950 conclamante
1214 3879 1243 3934 B
1293 3883 1335 3938 20.
1353 3882 1454 3942 iuro}-

289 3962 410 4031 iulrando
426 3963 455 4017 B
489 3965 531 4018 21.
550 3980 655 4019 uxorem
675 3985 693 4020 α
710 3969 838 4036 uxores?
870 3963 912 4018 bis
929 3963 974 4028 B‘,
992 3980 1042 4019 orn.
1060 3965 1115 4033 A‘fl
1157 3967 1198 4020 22.
1217 3968 1454 4036 perequitassetu

290 4047 464 4116 perequitsrit
481 4053 507 4118 β.
1153 4085 1197 4153 {a

360 4149 471 4204 LXVII.
508 4154 531 4204 1.
549 4151 606 4204 iure
624 4152 735 4206 iurando
753 4173 771 4208 α
798 4152 832 4205 ad
850 4152 1042 4219 iusiuranduss
1093 4155 1119 4207 2.
1136 4103 1273 4208 abdriobus
1290 4152 1319 4207 B
1353 4155 1378 4208 3.
1396 4171 1413 4208 a
1429 4159 1454 4224 β,

291 4301 340 4340 om.
352 4285 679 4356 sinpediren‘impedirs
696 4287 725 4342 B
750 4288 774 4342 s.
793 4287 914 4342 omnibus
932 4287 960 4340 in
979 4309 997 4344 a
1008 4289 1039 4344 ss
1055 4289 1082 4341 sn
1095 4289 1194 4354 omniu
1215 4251 1379 4359 (domarim
1396 4291 1459 4367 ns
