<?xml version="1.0" encoding="UTF-8"?>
<!DOCTYPE html PUBLIC "-//W3C//DTD XHTML 1.0 Transitional//EN"
    "http://www.w3.org/TR/xhtml1/DTD/xhtml1-transitional.dtd">
<html xmlns="http://www.w3.org/1999/xhtml" xml:lang="en" lang="en">
 <head>
  <title>
</title>
<meta http-equiv="Content-Type" content="text/html;charset=utf-8" />
  <meta name='ocr-system' content='tesseract 3.04.00' />
  <meta name='ocr-capabilities' content='ocr_page ocr_carea ocr_par ocr_line ocrx_word'/>
</head>
<body>
  <div class='ocr_page' id='page_1' title='image "./ciulicaesarisbe00hirtgoog_0240.png"; bbox 0 0 3308 5090; ppageno 0'>
   <div class='ocr_carea' id='block_1_1' title="bbox 280 419 907 490">
    <p class='ocr_par' dir='ltr' id='par_1_1' title="bbox 280 419 907 490">
     <span class='ocr_line' id='line_1_1' title="bbox 280 419 907 490; baseline -0.003 0"><span class='ocrx_word' id='word_1_1' title='bbox 280 423 343 490; x_wconf 79' lang='lat'>228</span> <span class='ocrx_word' id='word_1_2' title='bbox 821 419 907 488; x_wconf 83' lang='lat' dir='ltr'>vm</span> 
     </span>
    </p>
   </div>
   <div class='ocr_carea' id='block_1_2' title="bbox 253 591 1505 2712">
    <p class='ocr_par' dir='ltr' id='par_1_2' title="bbox 253 591 1500 1102">
     <span class='ocr_line' id='line_1_2' title="bbox 253 591 1447 677; baseline -0.003 -19"><span class='ocrx_word' id='word_1_3' title='bbox 253 594 268 658; x_wconf 91' lang='lat'>1</span> <span class='ocrx_word' id='word_1_4' title='bbox 366 591 579 658; x_wconf 87' lang='lat' dir='ltr'>XXXXIIIL</span> <span class='ocrx_word' id='word_1_5' title='bbox 610 592 740 673; x_wconf 81' lang='lat' dir='ltr'>Caesar,</span> <span class='ocrx_word' id='word_1_6' title='bbox 760 615 832 657; x_wconf 86' lang='lat' dir='ltr'>oum</span> <span class='ocrx_word' id='word_1_7' title='bbox 860 615 953 656; x_wconf 88' lang='lat' dir='ltr'>suam</span> <span class='ocrx_word' id='word_1_8' title='bbox 974 592 1137 658; x_wconf 82' lang='lat' dir='ltr'>lenitatem</span> <span class='ocrx_word' id='word_1_9' title='bbox 1159 593 1324 677; x_wconf 84' lang='lat' dir='ltr'><strong>cognitam</strong></span> <span class='ocrx_word' id='word_1_10' title='bbox 1346 592 1447 655; x_wconf 91' lang='lat' dir='ltr'>omni-</span> 
     </span>
     <span class='ocr_line' id='line_1_3' title="bbox 282 675 1447 763; baseline -0.003 -19"><span class='ocrx_word' id='word_1_11' title='bbox 282 683 343 744; x_wconf 84' lang='lat' dir='ltr'>bus</span> <span class='ocrx_word' id='word_1_12' title='bbox 365 679 460 744; x_wconf 81' lang='lat' dir='ltr'>seirat</span> <span class='ocrx_word' id='word_1_13' title='bbox 480 700 521 743; x_wconf 88' lang='lat' dir='ltr'>ne</span> <span class='ocrx_word' id='word_1_14' title='bbox 544 699 584 742; x_wconf 89' lang='lat' dir='ltr'>ue</span> <span class='ocrx_word' id='word_1_15' title='bbox 605 687 783 758; x_wconf 82' lang='lat' dir='ltr'>uereretm,</span> <span class='ocrx_word' id='word_1_16' title='bbox 812 677 934 763; x_wconf 80' lang='lat' dir='ltr'><strong>nequid</strong></span> <span class='ocrx_word' id='word_1_17' title='bbox 955 677 1146 742; x_wconf 85' lang='lat' dir='ltr'>erudelitate</span> <span class='ocrx_word' id='word_1_18' title='bbox 1166 687 1301 740; x_wconf 82' lang='lat' dir='ltr'>naturae</span> <span class='ocrx_word' id='word_1_19' title='bbox 1322 675 1447 740; x_wconf 81' lang='lat' dir='ltr'>nidere</span> 
     </span>
     <span class='ocr_line' id='line_1_4' title="bbox 281 700 1447 910; baseline -0.004 -82"><span class='ocrx_word' id='word_1_20' title='bbox 281 773 335 828; x_wconf 89' lang='lat' dir='ltr'>tur</span> <span class='ocrx_word' id='word_1_21' title='bbox 356 763 501 848; x_wconf 84' lang='lat' dir='ltr'>asperius</span> <span class='ocrx_word' id='word_1_22' title='bbox 522 700 649 844; x_wconf 74' lang='lat' dir='ltr'>desisse,</span> <span class='ocrx_word' id='word_1_23' title='bbox 670 783 774 910; x_wconf 59' lang='lat' dir='ltr'>nerppe</span> <span class='ocrx_word' id='word_1_24' title='bbox 788 763 913 826; x_wconf 85' lang='lat' dir='ltr'>exitum</span> <span class='ocrx_word' id='word_1_25' title='bbox 934 762 1142 826; x_wconf 83' lang='lat' dir='ltr'>consiliorum</span> <span class='ocrx_word' id='word_1_26' title='bbox 1156 782 1290 825; x_wconf 88' lang='lat' dir='ltr'>suorum</span> <span class='ocrx_word' id='word_1_27' title='bbox 1304 759 1447 824; x_wconf 87' lang='lat' dir='ltr'>animad-</span> 
     </span>
     <span class='ocr_line' id='line_1_5' title="bbox 281 845 1450 932; baseline -0.005 -18"><span class='ocrx_word' id='word_1_28' title='bbox 281 859 428 929; x_wconf 82' lang='lat' dir='ltr'>uerteret,</span> <span class='ocrx_word' id='word_1_29' title='bbox 450 848 477 912; x_wconf 87' lang='lat' dir='ltr'>si</span> <span class='ocrx_word' id='word_1_30' title='bbox 498 845 557 912; x_wconf 86' lang='lat' dir='ltr'>tali</span> <span class='ocrx_word' id='word_1_31' title='bbox 572 847 695 912; x_wconf 88' lang='lat' dir='ltr'>ratione</span> <span class='ocrx_word' id='word_1_32' title='bbox 742 848 853 911; x_wconf 84' lang='lat' dir='ltr'>‘uersis</span> <span class='ocrx_word' id='word_1_33' title='bbox 874 847 909 910; x_wconf 93' lang='lat' dir='ltr'>in</span> <span class='ocrx_word' id='word_1_34' title='bbox 929 846 1008 912; x_wconf 84' lang='lat' dir='ltr'>loeis</span> <span class='ocrx_word' id='word_1_35' title='bbox 1024 846 1135 932; x_wconf 89' lang='lat' dir='ltr'>plures</span> <span class='ocrx_word' id='word_1_36' title='bbox 1157 845 1290 910; x_wconf 81' lang='lat' dir='ltr'>consilia</span> <span class='ocrx_word' id='word_1_37' title='bbox 1306 846 1450 926; x_wconf 80' lang='lat' dir='ltr'>inissent,</span> 
     </span>
     <span class='ocr_line' id='line_1_6' title="bbox 282 930 1500 1082; baseline -0.004 -85"><span class='ocrx_word' id='word_1_38' title='bbox 282 931 432 1082; x_wconf 76' lang='lat' dir='ltr'>exemplo</span> <span class='ocrx_word' id='word_1_39' title='bbox 462 930 614 1032; x_wconf 78' lang='lat' dir='ltr'>supplicii</span> <span class='ocrx_word' id='word_1_40' title='bbox 644 930 849 997; x_wconf 85' lang='lat' dir='ltr'>deterrendos</span> <span class='ocrx_word' id='word_1_41' title='bbox 888 930 1030 1017; x_wconf 88' lang='lat' dir='ltr'>reliquos</span> <span class='ocrx_word' id='word_1_42' title='bbox 1069 931 1274 996; x_wconf 87' lang='lat' dir='ltr'>existimauit</span> <span class='ocrx_word' id='word_1_43' title='bbox 1333 930 1449 1014; x_wconf 87' lang='lat' dir='ltr'>Itaque</span> <span class='ocrx_word' id='word_1_44' title='bbox 1480 933 1500 991; x_wconf 83' lang='lat'>5</span> 
     </span>
     <span class='ocr_line' id='line_1_7' title="bbox 283 1015 1448 1102; baseline -0.004 -19"><span class='ocrx_word' id='word_1_45' title='bbox 283 1019 370 1084; x_wconf 89' lang='lat' dir='ltr'>omui</span> <span class='ocrx_word' id='word_1_46' title='bbox 395 1039 450 1098; x_wconf 85' lang='lat' dir='ltr'>us,</span> <span class='ocrx_word' id='word_1_47' title='bbox 481 1037 537 1102; x_wconf 87' lang='lat' dir='ltr'>qur</span> <span class='ocrx_word' id='word_1_48' title='bbox 564 1038 655 1082; x_wconf 89' lang='lat' dir='ltr'>arma</span> <span class='ocrx_word' id='word_1_49' title='bbox 680 1015 833 1098; x_wconf 88' lang='lat' dir='ltr'>tulerant,</span> <span class='ocrx_word' id='word_1_50' title='bbox 864 1039 978 1082; x_wconf 87' lang='lat' dir='ltr'>manus</span> <span class='ocrx_word' id='word_1_51' title='bbox 1027 1015 1163 1080; x_wconf 88' lang='lat' dir='ltr'>raeoidit</span> <span class='ocrx_word' id='word_1_52' title='bbox 1183 1017 1349 1100; x_wconf 88' lang='lat' dir='ltr'>uitamque</span> <span class='ocrx_word' id='word_1_53' title='bbox 1375 1037 1448 1078; x_wconf 86' lang='lat' dir='ltr'>eon·</span> 
     </span>
    </p>

    <p class='ocr_par' dir='ltr' id='par_1_3' title="bbox 254 1039 1451 1358">
     <span class='ocr_line' id='line_1_8' title="bbox 254 1039 1449 1248; baseline -0.002 -82"><span class='ocrx_word' id='word_1_54' title='bbox 254 1100 387 1186; x_wconf 62' lang='lat' dir='ltr'>dcessit,</span> <span class='ocrx_word' id='word_1_55' title='bbox 418 1123 482 1188; x_wconf 87' lang='lat' dir='ltr'>quo</span> <span class='ocrx_word' id='word_1_56' title='bbox 504 1103 650 1166; x_wconf 87' lang='lat' dir='ltr'>testatior</span> <span class='ocrx_word' id='word_1_57' title='bbox 668 1109 753 1166; x_wconf 87' lang='lat' dir='ltr'>esset</span> <span class='ocrx_word' id='word_1_58' title='bbox 772 1123 879 1186; x_wconf 89' lang='lat' dir='ltr'>poena</span> <span class='ocrx_word' id='word_1_59' title='bbox 905 1039 1126 1201; x_wconf 69' lang='lat' dir='ltr'>inproborum</span> <span class='ocrx_word' id='word_1_60' title='bbox 1169 1100 1330 1248; x_wconf 73' lang='lat' dir='ltr'>Drappes,</span> <span class='ocrx_word' id='word_1_61' title='bbox 1353 1122 1449 1184; x_wconf 92' lang='lat' dir='ltr'>quem</span> 
     </span>
     <span class='ocr_line' id='line_1_9' title="bbox 283 1184 1449 1274; baseline -0.003 -22"><span class='ocrx_word' id='word_1_62' title='bbox 283 1195 415 1274; x_wconf 81' lang='lat' dir='ltr'>septum</span> <span class='ocrx_word' id='word_1_63' title='bbox 436 1207 506 1252; x_wconf 86' lang='lat' dir='ltr'>esse</span> <span class='ocrx_word' id='word_1_64' title='bbox 524 1209 545 1252; x_wconf 89' lang='lat' dir='ltr'>a</span> <span class='ocrx_word' id='word_1_65' title='bbox 563 1184 699 1251; x_wconf 81' lang='lat' dir='ltr'>Caninio</span> <span class='ocrx_word' id='word_1_66' title='bbox 723 1185 827 1268; x_wconf 75' lang='lat' dir='ltr'>doctri,</span> <span class='ocrx_word' id='word_1_67' title='bbox 849 1188 918 1250; x_wconf 89' lang='lat' dir='ltr'>siue</span> <span class='ocrx_word' id='word_1_68' title='bbox 939 1185 1133 1271; x_wconf 86' lang='lat' dir='ltr'>mdignitate</span> <span class='ocrx_word' id='word_1_69' title='bbox 1154 1195 1186 1250; x_wconf 88' lang='lat' dir='ltr'>et</span> <span class='ocrx_word' id='word_1_70' title='bbox 1207 1185 1249 1248; x_wconf 92' lang='lat' dir='ltr'>do</span> <span class='ocrx_word' id='word_1_71' title='bbox 1264 1207 1319 1250; x_wconf 89' lang='lat' dir='ltr'>ore</span> <span class='ocrx_word' id='word_1_72' title='bbox 1339 1185 1449 1248; x_wconf 90' lang='lat' dir='ltr'>uinou-</span> 
     </span>
     <span class='ocr_line' id='line_1_10' title="bbox 283 1268 1451 1358; baseline -0.005 -20"><span class='ocrx_word' id='word_1_73' title='bbox 283 1271 388 1338; x_wconf 91' lang='lat' dir='ltr'>lorum</span> <span class='ocrx_word' id='word_1_74' title='bbox 406 1271 475 1336; x_wconf 85' lang='lat' dir='ltr'>siue</span> <span class='ocrx_word' id='word_1_75' title='bbox 492 1272 607 1336; x_wconf 87' lang='lat' dir='ltr'>timore</span> <span class='ocrx_word' id='word_1_76' title='bbox 629 1272 789 1355; x_wconf 82' lang='lat' dir='ltr'>grauioris</span> <span class='ocrx_word' id='word_1_77' title='bbox 805 1293 865 1358; x_wconf 89' lang='lat' dir='ltr'>sup</span> <span class='ocrx_word' id='word_1_78' title='bbox 889 1269 956 1336; x_wconf 80' lang='lat' dir='ltr'>licii</span> <span class='ocrx_word' id='word_1_79' title='bbox 972 1273 1086 1358; x_wconf 79' lang='lat' dir='ltr'><strong>paucis</strong></span> <span class='ocrx_word' id='word_1_80' title='bbox 1100 1270 1215 1335; x_wconf 89' lang='lat' dir='ltr'>diebus</span> <span class='ocrx_word' id='word_1_81' title='bbox 1234 1268 1306 1333; x_wconf 85' lang='lat' dir='ltr'>cibo</span> <span class='ocrx_word' id='word_1_82' title='bbox 1326 1291 1360 1333; x_wconf 88' lang='lat' dir='ltr'>se</span> <span class='ocrx_word' id='word_1_83' title='bbox 1378 1269 1451 1333; x_wconf 89' lang='lat' dir='ltr'>abs-</span> 
     </span>
    </p>

    <p class='ocr_par' dir='ltr' id='par_1_4' title="bbox 255 1355 1504 2014">
     <span class='ocr_line' id='line_1_11' title="bbox 255 1355 1502 1441; baseline -0.002 -23"><span class='ocrx_word' id='word_1_84' title='bbox 255 1357 274 1420; x_wconf 80' lang='lat'><strong>3</strong></span> <span class='ocrx_word' id='word_1_85' title='bbox 283 1357 379 1422; x_wconf 89' lang='lat' dir='ltr'>tinuit</span> <span class='ocrx_word' id='word_1_86' title='bbox 409 1365 505 1441; x_wconf 88' lang='lat' dir='ltr'>atque</span> <span class='ocrx_word' id='word_1_87' title='bbox 534 1356 581 1420; x_wconf 89' lang='lat' dir='ltr'>ita</span> <span class='ocrx_word' id='word_1_88' title='bbox 613 1357 740 1420; x_wconf 86' lang='lat' dir='ltr'>interiit</span> <span class='ocrx_word' id='word_1_89' title='bbox 797 1355 847 1420; x_wconf 84' lang='lat' dir='ltr'>Eo</span> <span class='ocrx_word' id='word_1_90' title='bbox 872 1377 923 1420; x_wconf 93' lang='lat' dir='ltr'>em</span> <span class='ocrx_word' id='word_1_91' title='bbox 953 1365 1099 1440; x_wconf 89' lang='lat' dir='ltr'>ternpore</span> <span class='ocrx_word' id='word_1_92' title='bbox 1125 1356 1311 1435; x_wconf 80' lang='lat' dir='ltr'>Lucterius,</span> <span class='ocrx_word' id='word_1_93' title='bbox 1375 1376 1448 1418; x_wconf 89' lang='lat' dir='ltr'>nem</span> <span class='ocrx_word' id='word_1_94' title='bbox 1460 1359 1502 1415; x_wconf 93' lang='lat'>10</span> 
     </span>
     <span class='ocr_line' id='line_1_12' title="bbox 284 1376 1449 1528; baseline -0.002 -22"><span class='ocrx_word' id='word_1_95' title='bbox 284 1439 468 1528; x_wconf 79' lang='lat' dir='ltr'>profugisse</span> <span class='ocrx_word' id='word_1_96' title='bbox 486 1462 528 1504; x_wconf 85' lang='lat' dir='ltr'>ex</span> <span class='ocrx_word' id='word_1_97' title='bbox 545 1438 668 1526; x_wconf 90' lang='lat' dir='ltr'>proelio</span> <span class='ocrx_word' id='word_1_98' title='bbox 688 1439 811 1527; x_wconf 77' lang='lat' dir='ltr'>scripsi,</span> <span class='ocrx_word' id='word_1_99' title='bbox 834 1462 908 1504; x_wconf 87' lang='lat' dir='ltr'>oum</span> <span class='ocrx_word' id='word_1_100' title='bbox 925 1443 960 1504; x_wconf 91' lang='lat' dir='ltr'>in</span> <span class='ocrx_word' id='word_1_101' title='bbox 976 1449 1169 1526; x_wconf 86' lang='lat' dir='ltr'>potestatem</span> <span class='ocrx_word' id='word_1_102' title='bbox 1190 1439 1331 1503; x_wconf 88' lang='lat' dir='ltr'>uenisset</span> <span class='ocrx_word' id='word_1_103' title='bbox 1347 1376 1449 1524; x_wconf 48' lang='grc' dir='ltr'>ἐρεε-</span> 
     </span>
     <span class='ocr_line' id='line_1_13' title="bbox 284 1522 1451 1606; baseline -0.003 -16"><span class='ocrx_word' id='word_1_104' title='bbox 284 1527 372 1592; x_wconf 82' lang='lat' dir='ltr'>noeti</span> <span class='ocrx_word' id='word_1_105' title='bbox 392 1523 532 1590; x_wconf 86' lang='lat' dir='ltr'>Aruemi</span> <span class='ocrx_word' id='word_1_106' title='bbox 555 1523 679 1606; x_wconf 83' lang='lat' dir='ltr'>(erebro</span> <span class='ocrx_word' id='word_1_107' title='bbox 703 1525 788 1589; x_wconf 89' lang='lat' dir='ltr'>enim</span> <span class='ocrx_word' id='word_1_108' title='bbox 817 1525 980 1590; x_wconf 84' lang='lat' dir='ltr'>mutandis</span> <span class='ocrx_word' id='word_1_109' title='bbox 1008 1524 1087 1590; x_wconf 87' lang='lat' dir='ltr'>loeis</span> <span class='ocrx_word' id='word_1_110' title='bbox 1113 1523 1287 1590; x_wconf 88' lang='lat' dir='ltr'>multorum</span> <span class='ocrx_word' id='word_1_111' title='bbox 1312 1522 1390 1587; x_wconf 90' lang='lat' dir='ltr'>fidei</span> <span class='ocrx_word' id='word_1_112' title='bbox 1417 1545 1451 1588; x_wconf 89' lang='lat' dir='ltr'>se</span> 
     </span>
     <span class='ocr_line' id='line_1_14' title="bbox 286 1607 1451 1698; baseline -0.002 -24"><span class='ocrx_word' id='word_1_113' title='bbox 286 1607 515 1692; x_wconf 76' lang='lat' dir='ltr'>committebat,</span> <span class='ocrx_word' id='word_1_114' title='bbox 534 1608 621 1698; x_wconf 92' lang='lat' dir='ltr'>quod</span> <span class='ocrx_word' id='word_1_115' title='bbox 635 1631 795 1698; x_wconf 84' lang='lat' dir='ltr'>nusquam</span> <span class='ocrx_word' id='word_1_116' title='bbox 815 1609 933 1675; x_wconf 88' lang='lat' dir='ltr'>diutius</span> <span class='ocrx_word' id='word_1_117' title='bbox 951 1612 1020 1674; x_wconf 87' lang='lat' dir='ltr'>sine</span> <span class='ocrx_word' id='word_1_118' title='bbox 1037 1609 1179 1695; x_wconf 89' lang='lat' dir='ltr'>perieulo</span> <span class='ocrx_word' id='word_1_119' title='bbox 1195 1617 1451 1674; x_wconf 80' lang='lat' dir='ltr'>commoraturus</span> 
     </span>
     <span class='ocr_line' id='line_1_15' title="bbox 285 1692 1450 1780; baseline -0.002 -20"><span class='ocrx_word' id='word_1_120' title='bbox 285 1692 468 1778; x_wconf 73' lang='lat' dir='ltr'>uidebatur,</span> <span class='ocrx_word' id='word_1_121' title='bbox 491 1715 564 1758; x_wconf 86' lang='lat' dir='ltr'>oum</span> <span class='ocrx_word' id='word_1_122' title='bbox 583 1692 645 1759; x_wconf 88' lang='lat' dir='ltr'>sibi</span> <span class='ocrx_word' id='word_1_123' title='bbox 654 1696 802 1760; x_wconf 77' lang='lat' dir='ltr'>conscius</span> <span class='ocrx_word' id='word_1_124' title='bbox 820 1704 911 1777; x_wconf 88' lang='lat' dir='ltr'>esset,</span> <span class='ocrx_word' id='word_1_125' title='bbox 930 1717 1029 1780; x_wconf 90' lang='lat' dir='ltr'>quam</span> <span class='ocrx_word' id='word_1_126' title='bbox 1046 1695 1213 1759; x_wconf 85' lang='lat' dir='ltr'>inimicum</span> <span class='ocrx_word' id='word_1_127' title='bbox 1232 1692 1450 1758; x_wconf 80' lang='lat' dir='ltr'>deberethe-</span> 
     </span>
     <span class='ocr_line' id='line_1_16' title="bbox 288 1777 1504 1863; baseline -0.007 -18"><span class='ocrx_word' id='word_1_128' title='bbox 288 1800 391 1846; x_wconf 81' lang='lat' dir='ltr'>sarem</span> <span class='ocrx_word' id='word_1_129' title='bbox 421 1777 567 1862; x_wconf 86' lang='lat' dir='ltr'>habere),</span> <span class='ocrx_word' id='word_1_130' title='bbox 598 1778 682 1844; x_wconf 86' lang='lat' dir='ltr'>huno</span> <span class='ocrx_word' id='word_1_131' title='bbox 708 1778 737 1842; x_wconf 84' lang='lat' dir='ltr'>E</span> <span class='ocrx_word' id='word_1_132' title='bbox 762 1789 912 1844; x_wconf 84' lang='lat' dir='ltr'>asnaotus</span> <span class='ocrx_word' id='word_1_133' title='bbox 942 1779 1122 1861; x_wconf 81' lang='lat' dir='ltr'>Amemus,</span> <span class='ocrx_word' id='word_1_134' title='bbox 1151 1780 1364 1844; x_wconf 78' lang='lat' dir='ltr'>amicissimus</span> <span class='ocrx_word' id='word_1_135' title='bbox 1394 1780 1504 1863; x_wconf 85' lang='lat' dir='ltr'>po-l5</span> 
     </span>
     <span class='ocr_line' id='line_1_17' title="bbox 285 1801 1451 2014; baseline -0.003 -85"><span class='ocrx_word' id='word_1_136' title='bbox 285 1863 353 2014; x_wconf 60' lang='lat' dir='ltr'>plag</span> <span class='ocrx_word' id='word_1_137' title='bbox 388 1863 544 1948; x_wconf 87' lang='lat' dir='ltr'>Romani,</span> <span class='ocrx_word' id='word_1_138' title='bbox 583 1865 651 1928; x_wconf 86' lang='lat' dir='ltr'>sine</span> <span class='ocrx_word' id='word_1_139' title='bbox 689 1801 890 1930; x_wconf 66' lang='lat' dir='ltr'>dubitatione</span> <span class='ocrx_word' id='word_1_140' title='bbox 929 1863 997 1928; x_wconf 88' lang='lat' dir='ltr'>ulla</span> <span class='ocrx_word' id='word_1_141' title='bbox 1027 1865 1172 1928; x_wconf 83' lang='lat' dir='ltr'>uinctum</span> <span class='ocrx_word' id='word_1_142' title='bbox 1206 1862 1249 1927; x_wconf 90' lang='lat' dir='ltr'>ad</span> <span class='ocrx_word' id='word_1_143' title='bbox 1280 1861 1451 1927; x_wconf 76' lang='lat' dir='ltr'>Gaesarem</span> 
     </span>
     <span class='ocr_line' id='line_1_18' title="bbox 289 1949 431 2014; baseline -0.014 0"><span class='ocrx_word' id='word_1_144' title='bbox 289 1970 328 2014; x_wconf 81' lang='lat' dir='ltr'>(a</span> <span class='ocrx_word' id='word_1_145' title='bbox 352 1949 431 2014; x_wconf 86' lang='lat' dir='ltr'>uxit.</span> 
     </span>
    </p>

    <p class='ocr_par' dir='ltr' id='par_1_5' title="bbox 261 2031 1453 2288">
     <span class='ocr_line' id='line_1_19' title="bbox 261 2031 1451 2118; baseline 0.002 -24"><span class='ocrx_word' id='word_1_146' title='bbox 261 2033 274 2094; x_wconf 95' lang='lat'>1</span> <span class='ocrx_word' id='word_1_147' title='bbox 373 2031 547 2098; x_wconf 89' lang='lat' dir='ltr'>XXXXV.</span> <span class='ocrx_word' id='word_1_148' title='bbox 589 2031 753 2098; x_wconf 84' lang='lat' dir='ltr'>Labienus</span> <span class='ocrx_word' id='word_1_149' title='bbox 783 2035 911 2098; x_wconf 86' lang='lat' dir='ltr'>interim</span> <span class='ocrx_word' id='word_1_150' title='bbox 939 2035 973 2098; x_wconf 93' lang='lat' dir='ltr'>in</span> <span class='ocrx_word' id='word_1_151' title='bbox 1003 2033 1154 2097; x_wconf 84' lang='lat' dir='ltr'>Treueris</span> <span class='ocrx_word' id='word_1_152' title='bbox 1185 2041 1331 2118; x_wconf 87' lang='lat' dir='ltr'>equestre</span> <span class='ocrx_word' id='word_1_153' title='bbox 1360 2054 1451 2116; x_wconf 89' lang='lat' dir='ltr'>proe-</span> 
     </span>
     <span class='ocr_line' id='line_1_20' title="bbox 287 2116 1453 2204; baseline -0.002 -22"><span class='ocrx_word' id='word_1_154' title='bbox 287 2117 367 2182; x_wconf 86' lang='lat' dir='ltr'>lium</span> <span class='ocrx_word' id='word_1_155' title='bbox 403 2117 481 2182; x_wconf 84' lang='lat' dir='ltr'>faeit</span> <span class='ocrx_word' id='word_1_156' title='bbox 516 2116 691 2182; x_wconf 84' lang='lat' dir='ltr'>seeundum</span> <span class='ocrx_word' id='word_1_157' title='bbox 727 2118 999 2204; x_wconf 86' lang='lat' dir='ltr'>conpluribusque</span> <span class='ocrx_word' id='word_1_158' title='bbox 1030 2118 1181 2182; x_wconf 84' lang='lat' dir='ltr'>Treueris</span> <span class='ocrx_word' id='word_1_159' title='bbox 1215 2116 1392 2181; x_wconf 82' lang='lat' dir='ltr'>interfectis</span> <span class='ocrx_word' id='word_1_160' title='bbox 1422 2127 1453 2181; x_wconf 89' lang='lat' dir='ltr'>et</span> 
     </span>
     <span class='ocr_line' id='line_1_21' title="bbox 290 2201 1452 2288; baseline -0.003 -20"><span class='ocrx_word' id='word_1_161' title='bbox 290 2201 476 2287; x_wconf 79' lang='lat' dir='ltr'>Germani,</span> <span class='ocrx_word' id='word_1_162' title='bbox 508 2202 564 2288; x_wconf 90' lang='lat' dir='ltr'>qui</span> <span class='ocrx_word' id='word_1_163' title='bbox 589 2201 685 2267; x_wconf 87' lang='lat' dir='ltr'>nullis</span> <span class='ocrx_word' id='word_1_164' title='bbox 715 2202 871 2268; x_wconf 88' lang='lat' dir='ltr'>aduersus</span> <span class='ocrx_word' id='word_1_165' title='bbox 896 2202 1060 2268; x_wconf 88' lang='lat' dir='ltr'>Romanos</span> <span class='ocrx_word' id='word_1_166' title='bbox 1092 2202 1214 2266; x_wconf 83' lang='lat' dir='ltr'>auxilia</span> <span class='ocrx_word' id='word_1_167' title='bbox 1240 2201 1452 2286; x_wconf 88' lang='lat' dir='ltr'>denegabant,</span> 
     </span>
    </p>

    <p class='ocr_par' dir='ltr' id='par_1_6' title="bbox 260 2285 1505 2458">
     <span class='ocr_line' id='line_1_22' title="bbox 260 2285 1451 2374; baseline -0.002 -23"><span class='ocrx_word' id='word_1_168' title='bbox 260 2285 279 2351; x_wconf 79' lang='lat'>2</span> <span class='ocrx_word' id='word_1_169' title='bbox 312 2288 451 2374; x_wconf 85' lang='lat' dir='ltr'>rinoipes</span> <span class='ocrx_word' id='word_1_170' title='bbox 474 2307 584 2352; x_wconf 90' lang='lat' dir='ltr'>eorum</span> <span class='ocrx_word' id='word_1_171' title='bbox 603 2288 696 2352; x_wconf 88' lang='lat' dir='ltr'>uiuos</span> <span class='ocrx_word' id='word_1_172' title='bbox 712 2285 832 2372; x_wconf 83' lang='lat' dir='ltr'>redigit</span> <span class='ocrx_word' id='word_1_173' title='bbox 848 2289 882 2351; x_wconf 90' lang='lat' dir='ltr'>in</span> <span class='ocrx_word' id='word_1_174' title='bbox 900 2310 992 2352; x_wconf 88' lang='lat' dir='ltr'>suam</span> <span class='ocrx_word' id='word_1_175' title='bbox 1010 2296 1202 2373; x_wconf 87' lang='lat' dir='ltr'>potestatem</span> <span class='ocrx_word' id='word_1_176' title='bbox 1234 2295 1330 2372; x_wconf 89' lang='lat' dir='ltr'>atque</span> <span class='ocrx_word' id='word_1_177' title='bbox 1352 2287 1385 2349; x_wconf 92' lang='lat' dir='ltr'>in</span> <span class='ocrx_word' id='word_1_178' title='bbox 1403 2286 1451 2350; x_wconf 89' lang='lat' dir='ltr'>his</span> 
     </span>
     <span class='ocr_line' id='line_1_23' title="bbox 290 2309 1505 2458; baseline -0.006 -21"><span class='ocrx_word' id='word_1_179' title='bbox 290 2309 407 2438; x_wconf 62' lang='lat' dir='ltr'>Eurum</span> <span class='ocrx_word' id='word_1_180' title='bbox 425 2369 584 2454; x_wconf 86' lang='lat' dir='ltr'>Aeduum,</span> <span class='ocrx_word' id='word_1_181' title='bbox 606 2372 662 2458; x_wconf 92' lang='lat' dir='ltr'>qui</span> <span class='ocrx_word' id='word_1_182' title='bbox 685 2379 716 2437; x_wconf 87' lang='lat' dir='ltr'>et</span> <span class='ocrx_word' id='word_1_183' title='bbox 736 2373 865 2438; x_wconf 90' lang='lat' dir='ltr'>uirtutis</span> <span class='ocrx_word' id='word_1_184' title='bbox 887 2382 919 2437; x_wconf 90' lang='lat' dir='ltr'>et</span> <span class='ocrx_word' id='word_1_185' title='bbox 936 2373 1060 2458; x_wconf 84' lang='lat' dir='ltr'>generis</span> <span class='ocrx_word' id='word_1_186' title='bbox 1079 2394 1239 2436; x_wconf 87' lang='lat' dir='ltr'>summam</span> <span class='ocrx_word' id='word_1_187' title='bbox 1254 2370 1454 2436; x_wconf 86' lang='lat' dir='ltr'>nobilitatem</span> <span class='ocrx_word' id='word_1_188' title='bbox 1486 2373 1505 2430; x_wconf 88' lang='lat'>5</span> 
     </span>
    </p>

    <p class='ocr_par' dir='ltr' id='par_1_7' title="bbox 288 2454 1454 2560">
     <span class='ocr_line' id='line_1_24' title="bbox 288 2454 1454 2560; baseline -0.002 -38"><span class='ocrx_word' id='word_1_189' title='bbox 288 2454 432 2560; x_wconf 73' lang='lat' dir='ltr'>habebat</span> <span class='ocrx_word' id='word_1_190' title='bbox 463 2455 614 2542; x_wconf 88' lang='lat' dir='ltr'>solusque</span> <span class='ocrx_word' id='word_1_191' title='bbox 645 2479 685 2522; x_wconf 88' lang='lat' dir='ltr'>ex</span> <span class='ocrx_word' id='word_1_192' title='bbox 717 2455 840 2522; x_wconf 87' lang='lat' dir='ltr'>Aeduis</span> <span class='ocrx_word' id='word_1_193' title='bbox 872 2457 914 2522; x_wconf 88' lang='lat' dir='ltr'>ad</span> <span class='ocrx_word' id='word_1_194' title='bbox 945 2457 979 2521; x_wconf 93' lang='lat' dir='ltr'>id</span> <span class='ocrx_word' id='word_1_195' title='bbox 1005 2467 1132 2542; x_wconf 86' lang='lat' dir='ltr'>tempus</span> <span class='ocrx_word' id='word_1_196' title='bbox 1168 2465 1391 2542; x_wconf 88' lang='lat' dir='ltr'>permanserat</span> <span class='ocrx_word' id='word_1_197' title='bbox 1419 2456 1454 2520; x_wconf 93' lang='lat' dir='ltr'>in</span> 
     </span>
    </p>

    <p class='ocr_par' dir='ltr' id='par_1_8' title="bbox 290 2555 1211 2606">
     <span class='ocr_line' id='line_1_25' title="bbox 290 2555 1211 2606; baseline 0 0"><span class='ocrx_word' id='word_1_198' title='bbox 290 2563 396 2606; x_wconf 76' lang='lat' dir='ltr'>armna</span> <span class='ocrx_word' id='word_1_199' title='bbox 1205 2555 1211 2566; x_wconf 92' lang='grc'><em>“</em></span> 
     </span>
    </p>

    <p class='ocr_par' dir='ltr' id='par_1_9' title="bbox 262 2624 1453 2712">
     <span class='ocr_line' id='line_1_26' title="bbox 262 2624 1453 2712; baseline -0.004 -20"><span class='ocrx_word' id='word_1_200' title='bbox 262 2629 277 2692; x_wconf 89' lang='grc'><strong>1</strong></span> <span class='ocrx_word' id='word_1_201' title='bbox 375 2624 567 2691; x_wconf 89' lang='lat' dir='ltr'>XXXXVI.</span> <span class='ocrx_word' id='word_1_202' title='bbox 589 2625 639 2690; x_wconf 84' lang='lat' dir='ltr'>Ea</span> <span class='ocrx_word' id='word_1_203' title='bbox 660 2647 695 2690; x_wconf 90' lang='lat' dir='ltr'>re</span> <span class='ocrx_word' id='word_1_204' title='bbox 722 2628 853 2712; x_wconf 79' lang='lat' dir='ltr'>cognita</span> <span class='ocrx_word' id='word_1_205' title='bbox 880 2625 1008 2709; x_wconf 84' lang='lat' dir='ltr'>Caesar,</span> <span class='ocrx_word' id='word_1_206' title='bbox 1031 2649 1104 2690; x_wconf 86' lang='lat' dir='ltr'>oum</span> <span class='ocrx_word' id='word_1_207' title='bbox 1126 2627 1159 2690; x_wconf 92' lang='lat' dir='ltr'>in</span> <span class='ocrx_word' id='word_1_208' title='bbox 1182 2624 1330 2690; x_wconf 89' lang='lat' dir='ltr'>omnibus</span> <span class='ocrx_word' id='word_1_209' title='bbox 1355 2625 1453 2709; x_wconf 85' lang='lat' dir='ltr'>parti-</span> 
     </span>
    </p>
   </div>
   <div class='ocr_carea' id='block_1_3' title="bbox 290 2797 491 2808">
    <p class='ocr_par' dir='ltr' id='par_1_10' title="bbox 290 2797 491 2808">
     <span class='ocr_line' id='line_1_27' title="bbox 290 2797 491 2808; baseline -0.005 -2"><span class='ocrx_word' id='word_1_210' title='bbox 290 2797 491 2808; x_wconf 75' lang='lat' dir='ltr'>—u-—u—n—</span> 
     </span>
    </p>
   </div>
   <div class='ocr_carea' id='block_1_4' title="bbox 359 2878 1458 2998">
    <p class='ocr_par' dir='ltr' id='par_1_11' title="bbox 359 2878 1458 2998">
     <span class='ocr_line' id='line_1_28' title="bbox 359 2878 1458 2998; baseline 0.002 -16"><span class='ocrx_word' id='word_1_211' title='bbox 359 2925 524 2984; x_wconf 82' lang='lat' dir='ltr'>xxxxuu.</span> <span class='ocrx_word' id='word_1_212' title='bbox 542 2929 566 2983; x_wconf 91' lang='lat'>1.</span> <span class='ocrx_word' id='word_1_213' title='bbox 584 2878 715 2994; x_wconf 45' lang='lat' dir='ltr'>candid</span> <span class='ocrx_word' id='word_1_214' title='bbox 742 2944 801 2984; x_wconf 88' lang='lat' dir='ltr'>oum</span> <span class='ocrx_word' id='word_1_215' title='bbox 819 2928 847 2984; x_wconf 99' lang='grc' dir='ltr'><strong><em>Β</em></strong></span> <span class='ocrx_word' id='word_1_216' title='bbox 881 2929 905 2983; x_wconf 80' lang='grc'>2.</span> <span class='ocrx_word' id='word_1_217' title='bbox 924 2945 1007 2998; x_wconf 89' lang='lat' dir='ltr'>neque</span> <span class='ocrx_word' id='word_1_218' title='bbox 1026 2931 1162 2984; x_wconf 77' lang='lat' dir='ltr'>sereretur</span> <span class='ocrx_word' id='word_1_219' title='bbox 1181 2949 1199 2981; x_wconf 86' lang='grc' dir='ltr'><strong><em>α</em></strong></span> <span class='ocrx_word' id='word_1_220' title='bbox 1216 2944 1265 2983; x_wconf 89' lang='lat' dir='ltr'>nee</span> <span class='ocrx_word' id='word_1_221' title='bbox 1282 2927 1458 2984; x_wconf 84' lang='lat' dir='ltr'>uereretan</span> 
     </span>
    </p>
   </div>
   <div class='ocr_carea' id='block_1_5' title="bbox 290 3011 1454 3186">
    <p class='ocr_par' dir='ltr' id='par_1_12' title="bbox 290 3011 1454 3186">
     <span class='ocr_line' id='line_1_29' title="bbox 290 3011 1453 3084; baseline 0 -18"><span class='ocrx_word' id='word_1_222' title='bbox 290 3011 406 3068; x_wconf 73' lang='lat' dir='ltr'>neuere·</span> <span class='ocrx_word' id='word_1_223' title='bbox 429 3013 453 3066; x_wconf 83' lang='grc' dir='ltr'><em>Τ</em></span> <span class='ocrx_word' id='word_1_224' title='bbox 516 3011 543 3068; x_wconf 82' lang='grc'>11.</span> <span class='ocrx_word' id='word_1_225' title='bbox 561 3012 729 3068; x_wconf 79' lang='lat' dir='ltr'>aemiliorum</span> <span class='ocrx_word' id='word_1_226' title='bbox 749 3029 855 3069; x_wconf 86' lang='lat' dir='ltr'>suorum</span> <span class='ocrx_word' id='word_1_227' title='bbox 873 3034 891 3070; x_wconf 84' lang='grc' dir='ltr'><em>α</em></span> <span class='ocrx_word' id='word_1_228' title='bbox 909 3013 1011 3068; x_wconf 78' lang='lat' dir='ltr'>consilii</span> <span class='ocrx_word' id='word_1_229' title='bbox 1028 3014 1106 3084; x_wconf 66' lang='lat' dir='ltr'>suiss</span> <span class='ocrx_word' id='word_1_230' title='bbox 1172 3014 1196 3068; x_wconf 85' lang='lat'>4.</span> <span class='ocrx_word' id='word_1_231' title='bbox 1215 3013 1324 3069; x_wconf 79' lang='lat' dir='ltr'>consilia</span> <span class='ocrx_word' id='word_1_232' title='bbox 1341 3013 1453 3068; x_wconf 86' lang='lat' dir='ltr'>inissent</span> 
     </span>
     <span class='ocr_line' id='line_1_30' title="bbox 292 3093 1454 3186; baseline 0.002 -38"><span class='ocrx_word' id='word_1_233' title='bbox 292 3115 308 3148; x_wconf 82' lang='grc' dir='ltr'><strong>α</strong></span> <span class='ocrx_word' id='word_1_234' title='bbox 332 3093 461 3152; x_wconf 81' lang='lat' dir='ltr'>rebellare</span> <span class='ocrx_word' id='word_1_235' title='bbox 478 3096 663 3169; x_wconf 65' lang='lat' dir='ltr'>saepimenta</span> <span class='ocrx_word' id='word_1_236' title='bbox 729 3100 753 3154; x_wconf 85' lang='lat'>6.</span> <span class='ocrx_word' id='word_1_237' title='bbox 772 3098 917 3168; x_wconf 76' lang='lat' dir='ltr'>mitemque</span> <span class='ocrx_word' id='word_1_238' title='bbox 939 3098 1016 3168; x_wconf 62' lang='lat' dir='ltr'>teitu</span> <span class='ocrx_word' id='word_1_239' title='bbox 1039 3095 1109 3186; x_wconf 55' lang='lat' dir='ltr'>quie</span> <span class='ocrx_word' id='word_1_240' title='bbox 1125 3099 1164 3167; x_wconf 75' lang='grc' dir='ltr'>Β)</span> <span class='ocrx_word' id='word_1_241' title='bbox 1179 3119 1198 3155; x_wconf 85' lang='grc' dir='ltr'><strong><em>α</em></strong></span> <span class='ocrx_word' id='word_1_242' title='bbox 1232 3099 1364 3169; x_wconf 66' lang='lat' dir='ltr'>uitamss</span> <span class='ocrx_word' id='word_1_243' title='bbox 1430 3100 1454 3153; x_wconf 77' lang='lat'>7.</span> 
     </span>
    </p>
   </div>
   <div class='ocr_carea' id='block_1_6' title="bbox 290 3213 1454 3407">
    <p class='ocr_par' dir='ltr' id='par_1_13' title="bbox 290 3213 1454 3407">
     <span class='ocr_line' id='line_1_31' title="bbox 290 3213 1454 3322; baseline -0.003 -17"><span class='ocrx_word' id='word_1_244' title='bbox 290 3247 424 3320; x_wconf 47' lang='lat' dir='ltr'>inprobos</span> <span class='ocrx_word' id='word_1_245' title='bbox 441 3249 477 3306; x_wconf 78' lang='grc' dir='ltr'>Δ·</span> <span class='ocrx_word' id='word_1_246' title='bbox 502 3250 678 3320; x_wconf 84' lang='lat' dir='ltr'>inproborum</span> <span class='ocrx_word' id='word_1_247' title='bbox 706 3250 735 3306; x_wconf 90' lang='lat' dir='ltr'><em>B</em></span> <span class='ocrx_word' id='word_1_248' title='bbox 769 3251 886 3321; x_wconf 86' lang='lat' dir='ltr'>Drappes</span> <span class='ocrx_word' id='word_1_249' title='bbox 905 3271 923 3308; x_wconf 86' lang='grc' dir='ltr'><em>α</em></span> <span class='ocrx_word' id='word_1_250' title='bbox 941 3251 1093 3322; x_wconf 69' lang='grc' dir='ltr'>Βηριοεῤ</span> <span class='ocrx_word' id='word_1_251' title='bbox 1143 3253 1169 3308; x_wconf 86' lang='lat'>8.</span> <span class='ocrx_word' id='word_1_252' title='bbox 1179 3213 1285 3320; x_wconf 64' lang='lat' dir='ltr'>mstdlB</span> <span class='ocrx_word' id='word_1_253' title='bbox 1318 3254 1347 3304; x_wconf 86' lang='lat' dir='ltr'>et</span> <span class='ocrx_word' id='word_1_254' title='bbox 1364 3249 1454 3305; x_wconf 84' lang='lat' dir='ltr'>dolore</span> 
     </span>
     <span class='ocr_line' id='line_1_32' title="bbox 292 3333 1454 3407; baseline 0.003 -21"><span class='ocrx_word' id='word_1_255' title='bbox 292 3353 318 3404; x_wconf 81' lang='lat' dir='ltr'>u,</span> <span class='ocrx_word' id='word_1_256' title='bbox 336 3348 386 3390; x_wconf 81' lang='lat' dir='ltr'>ora.</span> <span class='ocrx_word' id='word_1_257' title='bbox 404 3338 424 3406; x_wconf 80' lang='grc' dir='ltr'>β</span> <span class='ocrx_word' id='word_1_258' title='bbox 490 3336 514 3392; x_wconf 80' lang='grc'>9.</span> <span class='ocrx_word' id='word_1_259' title='bbox 533 3333 592 3392; x_wconf 83' lang='lat' dir='ltr'>eibo</span> <span class='ocrx_word' id='word_1_260' title='bbox 609 3351 638 3391; x_wconf 82' lang='lat' dir='ltr'>se</span> <span class='ocrx_word' id='word_1_261' title='bbox 657 3356 674 3390; x_wconf 84' lang='grc' dir='ltr'><strong>α</strong></span> <span class='ocrx_word' id='word_1_262' title='bbox 690 3352 720 3391; x_wconf 82' lang='lat' dir='ltr'>ss</span> <span class='ocrx_word' id='word_1_263' title='bbox 737 3336 803 3404; x_wconf 75' lang='lat' dir='ltr'>eybo</span> <span class='ocrx_word' id='word_1_264' title='bbox 820 3341 840 3407; x_wconf 80' lang='grc' dir='ltr'><em>β</em></span> <span class='ocrx_word' id='word_1_265' title='bbox 899 3338 939 3392; x_wconf 93' lang='grc'>11.</span> <span class='ocrx_word' id='word_1_266' title='bbox 958 3338 1097 3404; x_wconf 83' lang='lat' dir='ltr'>epnsnaeti</span> <span class='ocrx_word' id='word_1_267' title='bbox 1114 3337 1175 3392; x_wconf 85' lang='lat' dir='ltr'>MR</span> <span class='ocrx_word' id='word_1_268' title='bbox 1192 3335 1318 3405; x_wconf 85' lang='lat' dir='ltr'>epanaeti</span> <span class='ocrx_word' id='word_1_269' title='bbox 1335 3335 1362 3389; x_wconf 80' lang='grc' dir='ltr'><strong><em>Α</em></strong></span> <span class='ocrx_word' id='word_1_270' title='bbox 1379 3351 1454 3402; x_wconf 83' lang='lat' dir='ltr'>epas-</span> 
     </span>
    </p>
   </div>
   <div class='ocr_carea' id='block_1_7' title="bbox 290 3418 1455 3576">
    <p class='ocr_par' dir='ltr' id='par_1_14' title="bbox 290 3418 1455 3576">
     <span class='ocr_line' id='line_1_33' title="bbox 290 3418 1454 3492; baseline -0.002 -18"><span class='ocrx_word' id='word_1_271' title='bbox 290 3419 384 3492; x_wconf 67' lang='lat' dir='ltr'>ustiss</span> <span class='ocrx_word' id='word_1_272' title='bbox 440 3419 479 3476; x_wconf 72' lang='grc'>11.</span> <span class='ocrx_word' id='word_1_273' title='bbox 499 3418 634 3474; x_wconf 76' lang='lat' dir='ltr'>mutandis</span> <span class='ocrx_word' id='word_1_274' title='bbox 652 3441 670 3473; x_wconf 89' lang='grc' dir='ltr'><strong><em>α</em></strong></span> <span class='ocrx_word' id='word_1_275' title='bbox 688 3421 801 3477; x_wconf 77' lang='lat' dir='ltr'>mutatis</span> <span class='ocrx_word' id='word_1_276' title='bbox 822 3421 848 3474; x_wconf 84' lang='lat' dir='ltr'><em>T</em></span> <span class='ocrx_word' id='word_1_277' title='bbox 887 3420 928 3475; x_wconf 88' lang='lat'>13.</span> <span class='ocrx_word' id='word_1_278' title='bbox 946 3419 1015 3490; x_wconf 86' lang='lat' dir='ltr'>quod</span> <span class='ocrx_word' id='word_1_279' title='bbox 1034 3421 1095 3476; x_wconf 85' lang='grc' dir='ltr'>ΜΒ</span> <span class='ocrx_word' id='word_1_280' title='bbox 1112 3421 1169 3487; x_wconf 71' lang='lat' dir='ltr'>Quo</span> <span class='ocrx_word' id='word_1_281' title='bbox 1186 3422 1213 3475; x_wconf 86' lang='lat' dir='ltr'><strong><em>A</em></strong></span> <span class='ocrx_word' id='word_1_282' title='bbox 1264 3422 1298 3476; x_wconf 84' lang='lat'>14</span> <span class='ocrx_word' id='word_1_283' title='bbox 1323 3433 1454 3474; x_wconf 75' lang='lat' dir='ltr'>meantem</span> 
     </span>
     <span class='ocr_line' id='line_1_34' title="bbox 290 3501 1455 3576; baseline 0 -18"><span class='ocrx_word' id='word_1_284' title='bbox 290 3501 386 3560; x_wconf 76' lang='lat' dir='ltr'>habers</span> <span class='ocrx_word' id='word_1_285' title='bbox 399 3523 416 3558; x_wconf 84' lang='lat' dir='ltr'>u</span> <span class='ocrx_word' id='word_1_286' title='bbox 434 3504 531 3562; x_wconf 78' lang='lat' dir='ltr'>habere</span> <span class='ocrx_word' id='word_1_287' title='bbox 549 3521 662 3562; x_wconf 62' lang='lat' dir='ltr'>centem</span> <span class='ocrx_word' id='word_1_288' title='bbox 677 3506 704 3562; x_wconf 88' lang='lat' dir='ltr'><em>U</em></span> <span class='ocrx_word' id='word_1_289' title='bbox 718 3507 793 3562; x_wconf 78' lang='lat' dir='ltr'>hab&amp;</span> <span class='ocrx_word' id='word_1_290' title='bbox 812 3507 900 3576; x_wconf 68' lang='lat' dir='ltr'>assare</span> <span class='ocrx_word' id='word_1_291' title='bbox 921 3507 945 3560; x_wconf 80' lang='grc' dir='ltr'><em>Τ</em></span> <span class='ocrx_word' id='word_1_292' title='bbox 977 3507 1019 3562; x_wconf 84' lang='grc'><strong>15.</strong></span> <span class='ocrx_word' id='word_1_293' title='bbox 1037 3522 1100 3574; x_wconf 80' lang='lat' dir='ltr'>opas</span> <span class='ocrx_word' id='word_1_294' title='bbox 1116 3508 1212 3561; x_wconf 81' lang='lat' dir='ltr'>nactus</span> <span class='ocrx_word' id='word_1_295' title='bbox 1229 3505 1284 3560; x_wconf 80' lang='grc' dir='ltr'>ΑΒ</span> <span class='ocrx_word' id='word_1_296' title='bbox 1303 3521 1366 3573; x_wconf 68' lang='lat' dir='ltr'>opas</span> <span class='ocrx_word' id='word_1_297' title='bbox 1383 3507 1455 3558; x_wconf 79' lang='lat' dir='ltr'>naet’</span> 
     </span>
    </p>
   </div>
   <div class='ocr_carea' id='block_1_8' title="bbox 290 3590 1455 3882">
    <p class='ocr_par' dir='ltr' id='par_1_15' title="bbox 290 3590 1455 3882">
     <span class='ocr_line' id='line_1_35' title="bbox 290 3590 1244 3712; baseline 0.002 -18"><span class='ocrx_word' id='word_1_298' title='bbox 290 3637 323 3694; x_wconf 79' lang='grc' dir='ltr'><em>Μ</em></span> <span class='ocrx_word' id='word_1_299' title='bbox 340 3645 482 3710; x_wconf 78' lang='lat' dir='ltr'>epaenetus</span> <span class='ocrx_word' id='word_1_300' title='bbox 499 3644 520 3712; x_wconf 77' lang='grc' dir='ltr'>β</span> <span class='ocrx_word' id='word_1_301' title='bbox 551 3643 583 3710; x_wconf 68' lang='lat' dir='ltr'>pr</span> <span class='ocrx_word' id='word_1_302' title='bbox 599 3641 625 3695; x_wconf 80' lang='lat' dir='ltr'><em>A</em></span> <span class='ocrx_word' id='word_1_303' title='bbox 643 3645 689 3712; x_wconf 75' lang='lat' dir='ltr'>,pr</span> <span class='ocrx_word' id='word_1_304' title='bbox 708 3641 745 3696; x_wconf 77' lang='lat' dir='ltr'><em>M</em></span> <span class='ocrx_word' id='word_1_305' title='bbox 754 3590 822 3710; x_wconf 62' lang='lat' dir='ltr'>idi.</span> <span class='ocrx_word' id='word_1_306' title='bbox 840 3640 868 3696; x_wconf 90' lang='grc' dir='ltr'><strong><em>Β</em></strong></span> <span class='ocrx_word' id='word_1_307' title='bbox 885 3602 956 3711; x_wconf 57' lang='lat' dir='ltr'>poplo</span> <span class='ocrx_word' id='word_1_308' title='bbox 974 3641 1013 3698; x_wconf 69' lang='grc' dir='ltr'><strong><em>Β</em></strong></span> <span class='ocrx_word' id='word_1_309' title='bbox 1037 3643 1192 3711; x_wconf 75' lang='lat' dir='ltr'>Tpop10.f</span> <span class='ocrx_word' id='word_1_310' title='bbox 1213 3641 1244 3696; x_wconf 88' lang='lat' dir='ltr'>U.</span> 
     </span>
     <span class='ocr_line' id='line_1_36' title="bbox 358 3722 1455 3796; baseline 0 -18"><span class='ocrx_word' id='word_1_311' title='bbox 358 3722 491 3780; x_wconf 81' lang='lat' dir='ltr'>XXXXV.</span> <span class='ocrx_word' id='word_1_312' title='bbox 527 3726 552 3782; x_wconf 75' lang='lat'>1,</span> <span class='ocrx_word' id='word_1_313' title='bbox 577 3727 690 3782; x_wconf 74' lang='lat' dir='ltr'>traderis</span> <span class='ocrx_word' id='word_1_314' title='bbox 708 3725 771 3781; x_wconf 82' lang='lat' dir='ltr'>A·B</span> <span class='ocrx_word' id='word_1_315' title='bbox 821 3728 951 3796; x_wconf 83' lang='lat' dir='ltr'>praelium</span> <span class='ocrx_word' id='word_1_316' title='bbox 977 3727 1006 3781; x_wconf 93' lang='lat' dir='ltr'><em>B</em></span> <span class='ocrx_word' id='word_1_317' title='bbox 1064 3729 1089 3782; x_wconf 76' lang='lat'>2.</span> <span class='ocrx_word' id='word_1_318' title='bbox 1117 3726 1181 3782; x_wconf 72' lang='lat' dir='ltr'>facit</span> <span class='ocrx_word' id='word_1_319' title='bbox 1207 3725 1349 3780; x_wconf 78' lang='lat' dir='ltr'>secuudum</span> <span class='ocrx_word' id='word_1_320' title='bbox 1377 3745 1396 3780; x_wconf 88' lang='grc' dir='ltr'><strong><em>α</em></strong></span> <span class='ocrx_word' id='word_1_321' title='bbox 1417 3740 1455 3778; x_wconf 87' lang='lat' dir='ltr'>sa-</span> 
     </span>
     <span class='ocr_line' id='line_1_37' title="bbox 291 3805 1455 3882; baseline 0 -18"><span class='ocrx_word' id='word_1_322' title='bbox 291 3805 404 3864; x_wconf 74' lang='lat' dir='ltr'>nandum</span> <span class='ocrx_word' id='word_1_323' title='bbox 431 3807 498 3865; x_wconf 71' lang='lat' dir='ltr'>facit</span> <span class='ocrx_word' id='word_1_324' title='bbox 526 3817 544 3880; x_wconf 69' lang='lat' dir='ltr'>,i</span> <span class='ocrx_word' id='word_1_325' title='bbox 611 3809 781 3882; x_wconf 56' lang='lat' dir='ltr'>sompnum</span> <span class='ocrx_word' id='word_1_326' title='bbox 813 3828 843 3882; x_wconf 57' lang='grc' dir='ltr'>ῳ</span> <span class='ocrx_word' id='word_1_327' title='bbox 870 3813 905 3865; x_wconf 78' lang='grc' dir='ltr'>Α·</span> <span class='ocrx_word' id='word_1_328' title='bbox 931 3811 1102 3880; x_wconf 82' lang='lat' dir='ltr'>eonplnribus</span> <span class='ocrx_word' id='word_1_329' title='bbox 1127 3827 1178 3880; x_wconf 86' lang='lat' dir='ltr'>qne</span> <span class='ocrx_word' id='word_1_330' title='bbox 1195 3811 1224 3865; x_wconf 92' lang='lat' dir='ltr'><em>B</em></span> <span class='ocrx_word' id='word_1_331' title='bbox 1249 3809 1409 3878; x_wconf 58' lang='lat' dir='ltr'>amunia</span> <span class='ocrx_word' id='word_1_332' title='bbox 1427 3825 1455 3876; x_wconf 86' lang='lat' dir='ltr'>q;</span> 
     </span>
    </p>
   </div>
   <div class='ocr_carea' id='block_1_9' title="bbox 291 3887 1456 4000">
    <p class='ocr_par' dir='ltr' id='par_1_16' title="bbox 291 3887 1456 4000">
     <span class='ocr_line' id='line_1_38' title="bbox 291 3887 1456 4000; baseline 0 -20"><span class='ocrx_word' id='word_1_333' title='bbox 291 3887 374 3998; x_wconf 72' lang='lat' dir='ltr'>(odph</span> <span class='ocrx_word' id='word_1_334' title='bbox 400 3927 435 3998; x_wconf 80' lang='lat' dir='ltr'>T)</span> <span class='ocrx_word' id='word_1_335' title='bbox 452 3925 508 3982; x_wconf 80' lang='lat' dir='ltr'>uia</span> <span class='ocrx_word' id='word_1_336' title='bbox 525 3931 546 4000; x_wconf 72' lang='grc' dir='ltr'><em>β</em></span> <span class='ocrx_word' id='word_1_337' title='bbox 568 3928 681 3984; x_wconf 68' lang='lat' dir='ltr'>trunonis</span> <span class='ocrx_word' id='word_1_338' title='bbox 697 3928 848 3983; x_wconf 71' lang='lat' dir='ltr'>interstratis</span> <span class='ocrx_word' id='word_1_339' title='bbox 864 3933 892 3984; x_wconf 84' lang='lat' dir='ltr'>et</span> <span class='ocrx_word' id='word_1_340' title='bbox 909 3928 1043 3998; x_wconf 79' lang='lat' dir='ltr'>germanis</span> <span class='ocrx_word' id='word_1_341' title='bbox 1063 3947 1080 3980; x_wconf 81' lang='lat' dir='ltr'>a</span> <span class='ocrx_word' id='word_1_342' title='bbox 1097 3929 1205 3982; x_wconf 84' lang='lat' dir='ltr'>treniris</span> <span class='ocrx_word' id='word_1_343' title='bbox 1221 3932 1250 3983; x_wconf 82' lang='lat' dir='ltr'>et</span> <span class='ocrx_word' id='word_1_344' title='bbox 1268 3929 1400 3997; x_wconf 84' lang='lat' dir='ltr'>germanis</span> <span class='ocrx_word' id='word_1_345' title='bbox 1418 3928 1456 3980; x_wconf 89' lang='lat' dir='ltr'>in·</span> 
     </span>
    </p>
   </div>
   <div class='ocr_carea' id='block_1_10' title="bbox 290 4025 1457 4136">
    <p class='ocr_par' dir='ltr' id='par_1_17' title="bbox 290 4025 1457 4136">
     <span class='ocr_line' id='line_1_39' title="bbox 290 4025 1457 4136; baseline 0 -18"><span class='ocrx_word' id='word_1_346' title='bbox 290 4061 448 4134; x_wconf 61' lang='lat' dir='ltr'>asnerias</span> <span class='ocrx_word' id='word_1_347' title='bbox 487 4064 513 4120; x_wconf 87' lang='lat' dir='ltr'>a</span> <span class='ocrx_word' id='word_1_348' title='bbox 529 4063 611 4118; x_wconf 74' lang='lat' dir='ltr'>num</span> <span class='ocrx_word' id='word_1_349' title='bbox 629 4025 773 4134; x_wconf 68' lang='lat' dir='ltr'>‹adn›</span> <span class='ocrx_word' id='word_1_350' title='bbox 792 4085 809 4116; x_wconf 68' lang='lat' dir='ltr'>a</span> <span class='ocrx_word' id='word_1_351' title='bbox 825 4065 895 4120; x_wconf 75' lang='lat' dir='ltr'>nun</span> <span class='ocrx_word' id='word_1_352' title='bbox 912 4068 932 4136; x_wconf 71' lang='lat' dir='ltr'>a</span> <span class='ocrx_word' id='word_1_353' title='bbox 964 4025 1123 4133; x_wconf 66' lang='lat' dir='ltr'>usuagium</span> <span class='ocrx_word' id='word_1_354' title='bbox 1139 4063 1169 4120; x_wconf 81' lang='grc' dir='ltr'><strong><em>Β</em></strong></span> <span class='ocrx_word' id='word_1_355' title='bbox 1200 4065 1225 4118; x_wconf 81' lang='lat' dir='ltr'>a.</span> <span class='ocrx_word' id='word_1_356' title='bbox 1242 4063 1329 4118; x_wconf 67' lang='lat' dir='ltr'>neue</span> <span class='ocrx_word' id='word_1_357' title='bbox 1345 4063 1384 4119; x_wconf 80' lang='lat' dir='ltr'>u</span> <span class='ocrx_word' id='word_1_358' title='bbox 1395 4063 1457 4118; x_wconf 68' lang='lat' dir='ltr'>na-</span> 
     </span>
    </p>
   </div>
   <div class='ocr_carea' id='block_1_11' title="bbox 291 4165 1458 4374">
    <p class='ocr_par' dir='ltr' id='par_1_18' title="bbox 291 4165 1458 4374">
     <span class='ocr_line' id='line_1_40' title="bbox 291 4165 1458 4290; baseline -0.001 -22"><span class='ocrx_word' id='word_1_359' title='bbox 291 4211 373 4269; x_wconf 87' lang='lat' dir='ltr'>duum</span> <span class='ocrx_word' id='word_1_360' title='bbox 389 4213 418 4270; x_wconf 92' lang='grc' dir='ltr'><strong><em>Β</em></strong></span> <span class='ocrx_word' id='word_1_361' title='bbox 434 4165 546 4272; x_wconf 76' lang='lat' dir='ltr'>haeduis</span> <span class='ocrx_word' id='word_1_362' title='bbox 555 4217 581 4271; x_wconf 78' lang='lat' dir='ltr'><em>A</em></span> <span class='ocrx_word' id='word_1_363' title='bbox 598 4217 709 4273; x_wconf 76' lang='lat' dir='ltr'>uirtutis</span> <span class='ocrx_word' id='word_1_364' title='bbox 717 4217 774 4290; x_wconf 70' lang='lat' dir='ltr'>Au</span> <span class='ocrx_word' id='word_1_365' title='bbox 788 4218 917 4272; x_wconf 76' lang='lat' dir='ltr'>uirtutem</span> <span class='ocrx_word' id='word_1_366' title='bbox 933 4217 963 4272; x_wconf 93' lang='grc' dir='ltr'><strong><em>Β</em></strong></span> <span class='ocrx_word' id='word_1_367' title='bbox 988 4218 1013 4274; x_wconf 84' lang='grc'>6.</span> <span class='ocrx_word' id='word_1_368' title='bbox 1022 4215 1260 4272; x_wconf 62' lang='lat' dir='ltr'>dunelmensis</span> <span class='ocrx_word' id='word_1_369' title='bbox 1275 4216 1407 4271; x_wconf 86' lang='lat' dir='ltr'>Bhednis</span> <span class='ocrx_word' id='word_1_370' title='bbox 1423 4218 1458 4270; x_wconf 82' lang='grc' dir='ltr'>Δ.</span> 
     </span>
     <span class='ocr_line' id='line_1_41' title="bbox 359 4297 1128 4374; baseline 0.004 -20"><span class='ocrx_word' id='word_1_371' title='bbox 359 4297 507 4355; x_wconf 76' lang='lat' dir='ltr'>xxxxvl.</span> <span class='ocrx_word' id='word_1_372' title='bbox 543 4303 566 4356; x_wconf 87' lang='lat' dir='ltr'>l.</span> <span class='ocrx_word' id='word_1_373' title='bbox 584 4300 706 4370; x_wconf 76' lang='lat' dir='ltr'>partibus</span> <span class='ocrx_word' id='word_1_374' title='bbox 723 4301 824 4370; x_wconf 72' lang='lat' dir='ltr'>galline</span> <span class='ocrx_word' id='word_1_375' title='bbox 842 4323 861 4358; x_wconf 86' lang='grc' dir='ltr'>α</span> <span class='ocrx_word' id='word_1_376' title='bbox 882 4303 965 4373; x_wconf 71' lang='lat' dir='ltr'>gallie</span> <span class='ocrx_word' id='word_1_377' title='bbox 982 4301 1128 4374; x_wconf 59' lang='lat' dir='ltr'>partim</span> 
     </span>
    </p>
   </div>
   <div class='ocr_carea' id='block_1_12' title="bbox 0 0 1665 5090">
    <p class='ocr_par' dir='ltr' id='par_1_19' title="bbox 0 0 1665 5090">
     <span class='ocr_line' id='line_1_42' title="bbox 0 0 1665 5090; baseline 0 0"><span class='ocrx_word' id='word_1_378' title='bbox 0 0 1665 5090; x_wconf 95' lang='lat' dir='ltr'> </span> 
     </span>
    </p>
   </div>
  </div>
 </body>
</html>
