3316 5100
252 414 290 476 14
826 417 842 473 Ι

250 582 386 648 euellere
418 605 522 668 neque
555 583 683 646 sinistra
709 580 854 666 inpedita
886 582 963 645 satis
995 580 1164 645 commode
1190 603 1335 666 pugnare
1362 604 1418 667 po-

220 674 362 749 4terant‚
385 667 479 731 multi
496 675 531 731 ut
554 666 610 731 diu
627 669 747 730 iactato
766 664 899 740 brachio
918 675 1145 814 praeoptarent
1167 675 1294 730 scutum
1320 689 1419 730 manu

221 755 394 820 bemittere
413 763 444 817 et
461 752 548 817 nudo
568 773 701 836 corpore
723 772 876 836 pugnare.
952 750 1069 815 andem
1090 749 1278 815 uulneribus
1301 751 1419 816 defessi
1432 758 1469 815 10

252 848 283 903 et
304 838 421 925 pedem
438 837 557 902 referre
575 845 614 917 et,
637 835 725 922 quod
743 857 835 899 mons
859 834 990 901 suberat
1007 837 1134 900 circiter
1151 834 1239 899 mille
1264 858 1418 922 passuum

223 927 362 1007 63011110,
390 945 427 987 00
447 945 481 986 se
498 922 564 986 reci
589 943 641 985 ere
659 930 839 1020 coeperunt
875 919 977 1006 Capto
997 930 1105 986 monte
1122 930 1153 984 et
1173 921 1418 987 succedentibus

251 1009 369 1074 nostris
380 1008 455 1072 Boii
464 1016 496 1071 ct
513 1007 587 1071 Tu'
612 1009 655 1091 gi,
674 1029 730 1092 qm
739 1005 905 1071 hominum
923 1005 1055 1070 milibus
1077 1007 1206 1071 circiter
1214 1007 1280 1071 XV
1302 1029 1420 1108 agmen

251 1093 393 1158 hostium
421 1091 616 1157 claudebant
642 1100 673 1156 et
704 1091 890 1156 nouissimis
916 1090 1078 1176 praesidio
1110 1102 1217 1173 erant,
1244 1114 1286 1156 ex
1307 1094 1420 1158 itmere

251 1188 377 1243 nostros
404 1176 503 1242 latere
540 1185 651 1263 aperto
674 1174 829 1260 ¹adgressi
855 1177 1086 1242 circumuenire
1116 1186 1147 1240 et
1172 1177 1215 1262 ¹id
1242 1180 1419 1264 conspicati
1432 1182 1468 1239 15

251 1263 403 1343 Heluetii,
426 1263 483 1348 qui
500 1264 533 1326 in
550 1270 693 1326 montem
712 1283 782 1325 sese
798 1271 994 1347 receperant,
1011 1284 1121 1326 rursus
1139 1263 1260 1328 instare
1278 1272 1310 1327 et
1327 1285 1418 1349 proe-

223 1349 331 1417 llium
348 1349 568 1433 redintegrare
590 1355 772 1431 coeperunt.
815 1346 954 1411 Romani
973 1369 1129 1412 conuersa
1151 1349 1245 1433 signa
1266 1347 1417 1433 bipertito

251 1432 441 1498 intulerunt:
469 1433 624 1519 primaet
646 1429 789 1496 secunda
807 1433 902 1513 acies,
927 1440 963 1495 ut
976 1432 1072 1496 uictis
1095 1453 1134 1496 ac
1153 1435 1320 1497 summotis
1342 1432 1418 1498 resi·

252 1529 355 1599 steret,
375 1520 478 1600 tertia,
500 1527 537 1581 ut
554 1518 718 1581 uenientes
742 1517 917 1581 sustineret.

225 1609 240 1670 1
336 1603 461 1668 XXVI.
479 1603 531 1667 Ita
549 1602 683 1688 ancipiti
700 1600 823 1687 proelio
844 1600 899 1665 diu
918 1610 1015 1687 atque
1038 1603 1154 1666 acriter
1168 1612 1349 1687 pugnatum
1363 1613 1419 1668 est.

252 1689 384 1753 Diutius
403 1711 476 1752 cum
495 1688 651 1752 sustinere
667 1696 850 1751 nostrorum
867 1688 1006 1772 impetus
1023 1709 1087 1752 non
1134 1697 1249 1768 essent,
1267 1686 1359 1752 alteri
1377 1711 1419 1768 se,

251 1783 288 1837 ut
312 1782 492 1859 coeperant,
519 1775 552 1839 in
576 1782 716 1837 montem
738 1793 811 1836 rece
836 1781 936 1853 erunt,
964 1771 1056 1836 alteri
1084 1709 1131 1837 ad
1152 1773 1186 1836 in
1210 1773 1371 1838 edimenta
1389 1783 1421 1838 et

223 1865 362 1928 2carros
390 1881 465 1922 suos
492 1880 526 1922 se
553 1856 762 1923 contulerunt.
805 1795 890 1920 liam
919 1857 981 1922 hoc
1006 1867 1075 1923 toto
1102 1796 1239 1943 proelio,
1272 1881 1346 1923 cum
1377 1858 1418 1924 ab

252 1944 334 2009 hora
365 1944 503 2029 septima
535 1942 578 2007 ad
608 1964 778 2027 uesperum
809 1951 990 2027 pugnatum
1022 1944 1075 2024 sit,
1115 1965 1265 2008 auersum
1296 1943 1420 2009 hostem
1451 1948 1469 2006 5

223 2029 364 2096 3uidere
381 2051 474 2094 nemo
494 2030 606 2114 potuit.
641 2027 696 2091 Ad
714 2026 849 2091 multam
867 2037 994 2092 noctem
1012 2030 1110 2092 etiam
1128 2028 1171 2092 ad
1189 2027 1420 2114 impedimenta

276 2123 434 2198 ugnatum
458 2123 513 2196 est,
535 2121 706 2199 propterea
725 2112 813 2197 quod
828 2135 886 2198 pro
905 2112 992 2178 uallo
1016 2135 1124 2178 carros
1144 2113 1328 2179 obiecerant
1349 2124 1381 2178 ct
1403 2137 1420 2179 e

252 2138 324 2264 lbco
348 2199 511 2284 superiore
529 2201 563 2262 in
581 2207 707 2263 nostros
730 2198 892 2262 uenientes
915 2197 981 2262 tela
998 2197 1209 2280 coniciebant,
1227 2208 1258 2262 et
1275 2199 1421 2264 nonnulli

253 2287 335 2349 inter
354 2306 463 2348 carros
478 2293 631 2369 rotasque
649 2292 791 2347 mataras
802 2303 840 2348 ac
850 2283 996 2368 tragulas
1015 2283 1219 2348 subiciebant
1228 2292 1419 2370 nostrosque

222 2368 476 2435 4uulnerabant.
502 2370 571 2433 Diu
589 2390 664 2432 cum
682 2377 765 2432 esset
775 2378 966 2454 pugnatum,
983 2368 1221 2454 impedimentis
1240 2370 1419 2455 castrisque
1432 2376 1471 2432 10

222 2457 353 2522 bnostri
374 2456 469 2541 potiti
479 2465 559 2519 sunt.
603 2452 657 2518 Ibi
675 2453 878 2539 Orgetorigis
904 2452 974 2518 filia
996 2463 1094 2540 atque
1111 2476 1193 2518 unus
1212 2477 1230 2518 e
1250 2454 1326 2519 filiis
1346 2475 1420 2541 cap-

250 2549 302 2604 tus
325 2548 380 2605 est.
423 2540 477 2604 Ex
504 2562 540 2605 eo
566 2537 690 2625 proelio
714 2539 840 2603 circiter
856 2539 1024 2604 hominum
1047 2537 1138 2604 milia
1156 2537 1285 2604 CXXX
1311 2563 1420 2627 super-

251 2625 380 2690 fuerunt
394 2647 496 2710 eaque
505 2634 574 2690 tota
587 2633 682 2689 nocte
696 2626 894 2689 continenter
905 2625 1021 2689 ienmt:
1038 2624 1161 2689 nullam
1175 2634 1301 2710 partem
1314 2628 1419 2691 noctis

251 2711 364 2775 itinere
390 2711 572 2775 intermisso
599 2710 633 2772 in
659 2708 739 2774 fines
761 2709 947 2794 Lingonum
975 2709 1027 2774 die
1054 2719 1169 2796 quarto
1195 2719 1420 2795 peruenerrmt,

252 2817 326 2858 cum
344 2804 375 2859 et
393 2805 523 2880 propter
535 2793 670 2858 uulnera
685 2793 823 2860 militum
842 2804 873 2858 et
888 2804 1020 2881 propter
1033 2794 1229 2880 sepulturam
1240 2797 1418 2860 occisorum
1429 2801 1467 2858 15

222 2883 351 2946 dnostri
368 2880 512 2945 triduum
530 2881 648 2944 morati
665 2901 719 2944 eos
738 2881 830 2965 sequi
846 2902 912 2945 non
929 2882 1115 2966 potuissent
1148 2879 1269 2945 Caesar
1286 2879 1329 2945 ad
1343 2880 1417 2944 Lin-

159 3015 164 3024 .
252 2988 354 3050 gonas
377 2964 500 3030 litteras
518 2965 712 3049 nuntiosque
738 2965 833 3046 misit,
856 2987 897 3029 ne
919 2987 973 3030 eos
999 2965 1158 3030 frumento
1184 2987 1265 3030 neue
1293 2965 1418 3030 aliare

251 3051 416 3116 iuuarent:
440 3051 496 3136 qui
519 3051 546 3115 si
568 3050 733 3131 iuuissent,
755 3073 790 3115 se
812 3049 925 3115 eodem
943 3050 1024 3133 loco,
1041 3073 1106 3136 quo
1124 3049 1301 3132 Heluetios,
1327 3050 1418 3115 habi·

251 3145 367 3200 turum.
410 3136 485 3221 Ipse
511 3134 618 3200 biduo
641 3135 821 3199 intermisso
846 3157 919 3200 cum
944 3136 1094 3200 omnibus
1122 3137 1223 3221 copiis
1246 3158 1300 3200 eos
1327 3137 1418 3222 sequi

252 3223 366 3306 coepit.
1429 3227 1468 3284 20

251 3361 453 3370 ——u—

174 3453 179 3462 ’
249 3459 274 3511 8.
293 3457 414 3526 inpedita
432 3458 460 3511 A
477 3458 646 3527 impeditaB
679 3459 828 3514 commodae
845 3460 882 3513 A‘
916 3461 940 3514 9.
950 3459 1026 3513 scuta
1047 3458 1108 3513 eA
1132 3458 1241 3524 s(e)euts
1259 3473 1272 3512 e
1290 3455 1329 3510 M
1345 3421 1418 3512 scuti

250 3543 278 3597 Β
312 3543 355 3597 12.
372 3543 459 3611 spatio
476 3543 540 3598 add.
557 3543 657 3600 Diuter
692 3542 897 3612 succendentib3
915 3541 943 3599 B
977 3543 1020 3599 1³.
1038 3543 1129 3598 circite
1146 3542 1182 3597 Β·
1217 3543 1258 3598 15.
1276 3542 1418 3596 circumue-

249 3679 306 3732 nire
325 3677 390 3732 MU
404 3643 538 3734 ciiiienere
553 3675 581 3733 B
598 3679 669 3734 circu
687 3695 782 3734 uenere
799 3679 826 3733 A
851 3679 1047 3748 circumsonare
1063 3679 1156 3734 RTUs
1201 3679 1241 3734 16.
1259 3678 1365 3732 heluitii
1390 3678 1418 3731 A

249 3764 362 3818 heluicii
379 3762 417 3816 M
447 3763 559 3832 prelium
586 3763 614 3818 B
648 3766 689 3820 17.
708 3764 825 3833 bipertra
841 3763 885 3818 B‘.

317 3899 416 3956 xxvi
433 3901 457 3956 1.
475 3862 640 3970 adarpios
657 3860 813 3967 1111111111
839 3901 863 3956 a.
882 3859 1037 3969 posuisse
1061 3900 1086 3954 s.
1095 3859 1229 3956 1111111.
1246 3897 1275 3954 Β
1317 3898 1418 3968 inpedi-

250 3986 340 4038 menta
357 3985 393 4038 A¹
420 3985 613 4054 impedimento
629 3985 658 4040 B
701 3985 726 4040 5.
745 4001 867 4040 auersum
884 3985 1045 4042 11000οΒ
1062 4001 1131 4042 corr.
1162 3985 1303 4040 aduersum
1330 3984 1362 4038 X
1394 3984 1419 4037 1.

249 4052 317 4126 ua¹lo
334 4069 363 4124 Β
414 4071 567 4126 abiecerant
584 4069 623 4124 B¹
680 4072 704 4126 9.
728 4071 810 4140 rotas]
836 4069 912 4125 redas
939 4069 1039 4126 Messes
1091 4071 1247 4126 11111110
1272 4067 1418 4141 11111οβΒῖ

250 4208 290 4262 12.
308 4179 428 4277 procliui)
446 4206 474 4261 B
508 4207 549 4261 13.
567 4223 598 4262 ea
615 4207 704 4278 qqu
732 4206 771 4262 14.
791 4208 887 4274 quarta
903 4206 939 4261 A⁴
975 4207 1016 4261 15.
1035 4208 1210 4273 occiduorum
1228 4204 1257 4261 B
1292 4206 1332 4261 16.
1350 4206 1417 4274 ligo·

253 4360 336 4412 goras
354 4344 382 4397 A
418 4344 458 4398 18.
477 4342 573 4412 quisi]
592 4342 662 4411 siqui
685 4341 725 4397 W.
745 4340 820 4395 Paul
839 4340 968 4397 heluitios
985 4343 1012 4397 A
1029 4343 1156 4400 heluicios
1175 4343 1213 4397 M
1242 4302 1364 4396 habitsiin
1382 4341 1417 4396 B.
