3308 5090
300 385 363 450 loa
851 388 915 448 VH

296 557 421 619 sionem
439 553 569 617 urbium
586 574 745 617 summam
767 551 866 616 habet
888 555 1151 638 oportunitatem,
1180 554 1268 639 quod
1290 564 1321 620 et
1351 554 1393 622 ab
1416 557 1462 619 in·

297 640 411 704 cendio
442 638 528 724 lapis
557 647 588 703 et
619 636 661 702 ab
695 638 792 702 ariete
826 639 962 702 materia
994 637 1150 721 defendit,
1187 662 1269 724 quae
1299 642 1461 726 perpetuis

297 722 566 823 trabibuslpedes
589 721 813 822 quadragenos
836 721 1027 809 plerumque
1040 725 1196 789 introrsus
1206 726 1349 791 reuincta
1357 747 1462 811 neque
1473 733 1509 792 15
1614 806 1615 854 ,

297 807 963 978 pmmxffiqufiiillfdlilblbriiibsdedita
981 914 1022 978 op
1047 893 1222 978 ugnatione
1247 893 1371 975 milites,
1389 916 1462 958 cum
1615 950 1616 958 ,

298 989 366 1043 toto
388 989 532 1064 tempore
554 978 676 1063 frigore
707 987 738 1042 et
759 976 904 1042 adsiduis
931 915 1091 1042 imbribus
1117 976 1329 1060 tardarentur,
1353 988 1460 1043 tamen

297 1064 471 1128 continenti
492 1061 604 1128 labore
626 1063 734 1128 omnia
756 1062 835 1126 haec
854 1085 891 1127 su
916 1072 1086 1127 erauenmt
1107 1073 1139 1127 et
1153 1062 1266 1128 diebus
1284 1062 1383 1127 XXV
1406 1085 1461 1148 ag-

321 1171 405 1214 erem
423 1147 526 1212 latum
541 1147 641 1234 pedes
655 1146 848 1228 CCCXXX,
871 1085 1080 1233 allumpedes
1096 1147 1226 1211 LXXX
1244 1157 1462 1212 extruxerunt.

266 1237 287 1301 2
350 1257 382 1298 m
405 1235 431 1297 is
454 1256 584 1297 murum
607 1233 749 1297 hostium
771 1254 874 1317 paene
896 1234 1096 1318 contingeret
1118 1243 1150 1299 et
1176 1232 1297 1298 Caesar
1319 1233 1362 1298 ad
1380 1255 1462 1318 opus
1493 1241 1511 1299 5
1617 1238 1618 1246 ’

297 1318 527 1384 consuetudine
550 1318 726 1382 excubaret
752 1316 933 1402 militesque
963 1317 1159 1399 hortaretur,
1181 1317 1311 1418 nequod
1333 1319 1461 1383 omnino

296 1413 424 1489 tempus
451 1404 493 1468 ab
522 1424 618 1488 opere
643 1401 916 1484 intermitteretur,
943 1402 1041 1488 paulo
1069 1412 1142 1467 ante
1164 1412 1293 1467 bertram
1313 1403 1463 1488 uigiliam

298 1499 345 1553 est
367 1486 628 1552 animaduersum
660 1487 784 1551 fumare
803 1509 966 1572 aggerem,
985 1509 1081 1572 quem
1099 1487 1246 1552 cuniculo
1265 1488 1374 1552 hostes
1392 1510 1462 1552 suc-

267 1572 480 1652 3cenderant,
503 1572 683 1658 sordemque
700 1582 845 1658 tempore
867 1582 934 1638 toto
958 1595 1051 1638 muro
1075 1572 1216 1637 clamore
1238 1572 1365 1638 sublato
1383 1573 1462 1636 dua·

267 1658 359 1725 4bus
381 1660 483 1744 portis
507 1657 548 1721 ab
571 1667 709 1742 utroque
731 1655 830 1722 latere
848 1659 985 1720 teu-rium
1008 1659 1132 1744 eruptio
1155 1656 1263 1722 fiebat
1288 1656 1356 1721 Alii
1373 1657 1514 1725 faces10
1620 1671 1621 1678 ’

298 1752 396 1829 atque
423 1743 549 1807 aridam
578 1743 745 1806 materiem
772 1741 812 1806 de
843 1765 935 1806 muro
968 1743 1002 1805 in
1033 1765 1186 1828 aggerem
1219 1743 1343 1807 eminus
1366 1742 1461 1806 iacie-

297 1828 384 1910 bant,
406 1828 512 1913 picem
529 1825 734 1912 reliquasque
755 1849 814 1909 res,
837 1826 955 1912 quibus
978 1829 1062 1912 ignis
1091 1829 1225 1892 excitari
1252 1837 1367 1912 potest,
1389 1827 1461 1890 fun-

299 1912 432 1992 debant,
463 1921 512 1993 ut,
553 1933 616 1997 quo
656 1913 798 1998 primum
834 1920 1013 1976 curreretur
1055 1922 1109 1976 aut
1148 1913 1202 1976 cui
1237 1914 1286 1976 rei
1324 1912 1462 1978 ferretur

267 1997 468 2078 bauxilium,
489 1997 547 2060 uix
573 1997 656 2061 ratio
680 1997 754 2059 iniri
776 2006 891 2081 posset.
935 1996 1073 2078 Tamen,
1105 1997 1192 2082 quod
1214 1997 1357 2061 instituto
1382 1995 1460 2062 Cae-

296 2084 375 2146 saris
399 2103 525 2167 semper
553 2081 637 2145 duae
664 2080 809 2165 legiones
837 2103 897 2167 pro
925 2083 1037 2146 castris
1056 2082 1264 2147 excubabant
1288 2080 1514 2167 pluresque15

296 2167 425 2253 partitis
447 2166 647 2252 temporibus
670 2175 761 2230 erant
781 2167 815 2229 in
838 2187 943 2251 opere,
965 2165 1110 2231 celeriter
1131 2167 1253 2232 factum
1276 2177 1331 2248 est,
1353 2175 1388 2230 ut
1405 2165 1462 2232 alii

297 2252 520 2338 eruptionibus
541 2252 737 2332 resisterent,
765 2250 820 2315 alii
842 2260 944 2316 turres
966 2251 1154 2316 reducerent
1176 2274 1219 2336 ag
1242 2273 1393 2337 eremque
1415 2253 1461 2315 in-

296 2337 533 2419 terscinderent,
565 2337 669 2401 omnis
697 2359 774 2401 uero
800 2357 842 2400 ex
864 2337 977 2402 eastris
1000 2336 1171 2401 multitudo
1198 2273 1242 2400 ad
1261 2337 1484 2422 restinguen-¹

297 2422 374 2487 dum
397 2430 607 2487 concurreret.

269 2511 285 2573 1
381 2507 487 2571 XXV.
531 2506 614 2572 Oum
644 2507 679 2569 in
710 2504 857 2571 omnibus
896 2505 975 2571 locis
1011 2515 1203 2592 consumpta
1236 2508 1303 2571 iam
1337 2506 1462 2592 reliqua

298 2603 389 2678 parte
423 2594 528 2657 noctis
567 2601 766 2678 pugnaretur
807 2613 874 2654 sem
898 2613 996 2676 erque
1023 2591 1170 2657 hostibus
1206 2614 1279 2677 spes
1306 2592 1462 2656 uictoriae

298 2677 577 2762 redintegraretur,
601 2698 637 2740 eo
661 2676 775 2760 magis,
798 2615 895 2761 quodJ
915 2676 1044 2741 deustos
1091 2675 1193 2741 luteos
1215 2678 1351 2740 turrium
1373 2676 1461 2741 uide·

295 2762 376 2826 bant
396 2784 455 2825 nec
476 2760 571 2826 facile
593 2759 684 2824 adire
706 2768 833 2846 apertos
852 2760 895 2824 ad
913 2699 1135 2825 auxiliandbm
1153 2760 1461 2842 animaduertebant,

297 2868 487 2932 semperque
508 2846 519 2908 i
544 2847 569 2909 si
587 2854 731 2910 recentes
750 2843 884 2910 defessis
903 2844 1107 2910 succederent
1125 2868 1316 2931 omnemque
1332 2845 1460 2912 Galliae
1493 2853 1512 2911 5

297 2930 433 2995 salutem
455 2932 489 2994 in
507 2869 563 2994 illo
586 2930 723 3014 uestigio
743 2939 807 2994 tem
833 2931 896 2994 oris
914 2933 1054 3016 positam
1077 2931 1318 3013 arbitrarentur,
1341 2931 1460 2996 accidit

296 3015 550 3102 inspectantibus
568 3014 670 3096 nobis,
689 3014 777 3100 quod
824 3015 934 3100 'gnum
952 3016 1107 3081 memoria
1128 3018 1236 3080 uisum
1256 3026 1459 3101 praetereun-

266 3101 375 3166 ‘2dum
395 3123 461 3165 non
484 3101 746 3164 existimauimus.
791 3098 934 3179 Quidam
960 3111 1032 3165 ante
1056 3110 1185 3186 portam
1209 3101 1322 3186 oppidi
1344 3100 1458 3166 Gallus

295 3210 353 3273 per
375 3209 490 3250 manus
513 3185 583 3250 sebi
610 3209 647 3250 ae
674 3186 754 3270 picis
776 3184 912 3250 traditas
936 3185 1068 3270 glaebas
1095 3186 1259 3272 inignem
1283 3208 1300 3251 e
1325 3187 1458 3272 regione

295 3273 392 3337 turris
410 3269 605 3357 proiciebat3
624 3271 792 3355 scorpione
815 3269 856 3334 ab
875 3268 974 3335 latere
992 3269 1110 3354 dextro,
1124 3273 1276 3336 traiectus
1294 3273 1457 3334 exanima·
1471 3277 1514 3336 10

266 3354 411 3444 3tusque
429 3355 576 3421 concidit.
605 3355 702 3419 Hunc
720 3377 762 3419 ex
779 3357 947 3441 proxumis
965 3379 1047 3420 unus
1066 3357 1221 3421 iacentem
1239 3365 1457 3442 transgressus

271 899 287 960 1

293 3481 335 3581 l3.
355 3526 563 3594 oportunitatem
582 3524 608 3578 A
626 3522 828 3594 opportunitati
844 3523 929 3591 Bet]
947 3540 997 3578 om.
1015 3525 1041 3578 A
1075 3525 1117 3578 15.
1135 3523 1329 3594 quadringenos
1346 3524 1380 3578 A.

1258 3622 1272 3650 Ι

362 3663 473 3714 XXIIII.
509 3659 649 3726 arrigere
677 3679 695 3713 α
721 3659 780 3713 luto
805 3658 941 3731 frigores
989 3659 1159 3714 tardarentur
1175 3658 1222 3732 Αβ
1245 3662 1274 3713 tr
1290 3660 1460 3716 darenturM

294 3743 466 3798 traderentur
483 3743 520 3797 B¹
554 3744 619 3798 bis
642 3742 792 3799 UTeorrds
808 3741 837 3796 B
854 3743 895 3798 his
913 3743 972 3809 ΒΤ,
991 3743 1085 3799 om.A‘
1119 3760 1185 3813 pene
1202 3745 1265 3799 A‘B
1298 3760 1389 3800 caesar
1406 3746 1456 3816 (ce-

294 3845 338 3884 sar
346 3828 395 3894 Μ)
414 3849 432 3884 α
449 3831 477 3882 et
486 3832 603 3899 mesarss
619 3829 643 3883 6.
653 3813 835 3884 eomuttudin'e
852 3829 879 3882 A
901 3828 1089 3884 11.materiem
1107 3849 1125 3886 α
1142 3830 1282 3884 materiam
1300 3831 1457 3901 praeerant
1483 3819 1484 3822 ¹

294 3914 320 3967 A
357 3914 397 3968 12.
416 3913 581 3983 reliquasque
600 3913 662 3967 A‘T
676 3914 791 3982 reliquas
807 3911 876 3968 B¹U
907 3914 947 3967 13.
967 3918 1116 3968 erneretur
1134 3934 1152 3970 α
1169 3919 1381 3986 cauneretmp
1414 3916 1454 3970 15.

293 4013 396 4067 semper
415 3997 482 4052 duae
500 3996 561 4066 (due
579 3996 622 4063 M)
633 4016 652 4049 α
668 3995 720 4068 due
738 3996 797 4064 (due
819 3996 854 4062 U)
870 4013 972 4067 semper
990 4005 1007 4066 β
1032 3997 1197 4053 excubabant
1215 4019 1233 4056 α
1251 3998 1413 4054 excubarunt
1429 4004 1456 4071 β.

362 4137 444 4189 xxv.
463 4133 487 4188 s.
505 4133 567 4203 ipsi]
586 4133 628 4187 ini
644 4132 671 4187 A
705 4093 846 4190 osrei'¹'r
880 4136 904 4189 r.
922 4133 1114 4203 percussor
1147 4135 1256 4204 asora
1272 4135 1340 4204 Ape.
1375 4137 1457 4205 apa

293 4238 312 4274 α
329 4218 375 4287 qui
392 4222 477 4289 perp
509 4217 567 4272 sebi
589 4216 687 4271 Useui
703 4216 767 4271 A‘B
784 4218 857 4272 saeui
877 4218 903 4271 Τ
933 4217 1025 4287 glebas
1042 4218 1105 4272 A¹B
1139 4221 1179 4274 10.
1198 4221 1331 4289 scorpione
1348 4225 1369 4290 β
1384 4237 1455 4274 scur-

293 4302 369 4372 pione
388 4322 407 4359 α
441 4304 483 4358 11.
502 4303 525 4357 o
542 4319 573 4357 ex
590 4301 617 4355 A
652 4304 783 4372 proxumis
799 4302 828 4357 Β
844 4303 940 4370 primis
957 4301 999 4356 A.
