3308 5090
267 377 332 446 230
821 372 905 442 VIII

241 547 256 614 l
358 545 568 614 XXXXVII.
605 543 657 608 lbi
688 565 725 609 co
773 547 854 610 oscit
889 543 1072 610 Commium
1097 543 1287 608 Atrebatem
1312 545 1435 630 proelio

239 633 342 698 tcum
365 631 512 718 equitatu
535 651 592 694 suo
615 638 731 693 conten
756 631 824 694 'sse
866 630 952 694 Nam
974 650 1047 693 eum
1064 627 1225 694 Antonius
1247 629 1282 693 in
1302 628 1438 696 hiberna

268 716 420 798 uenisset,
451 715 631 799 ciuitasque
651 713 843 800 Atrebatum
865 714 900 777 in
921 713 1029 779 officio
1058 723 1153 795 esset,
1183 712 1358 796 Commius,
1381 717 1437 800 qui

268 809 341 888 post
366 799 457 864 illam
482 797 747 881 uulnerationem,
770 821 868 884 quam
890 821 989 884 supra
1014 799 1278 880 commemoraui,
1309 821 1437 885 semper

268 884 310 950 ad
334 905 444 948 omnes
466 893 574 949 motus
592 893 725 969 paratus
748 886 815 948 suis
838 883 963 947 ciuibus
991 904 1060 947 esse
1082 892 1273 961 consuesset,
1294 906 1335 948 ne
1361 905 1434 948 eon·
1465 889 1485 948 ὅ

267 968 340 1033 cilia
361 967 439 1032 belli
462 967 689 1054 quaerentibus
717 977 830 1032 auctor
857 989 1021 1032 armorum
1048 967 1181 1052 duxque
1212 967 1348 1050 deesset,
1378 991 1434 1054 pa-

265 1061 354 1117 rente
376 1051 530 1118 Romanis
553 1052 683 1116 ciuitate
709 1072 783 1116 cum
810 1055 875 1117 suis
901 1050 1064 1137 equitibus
1086 1051 1262 1116 latrociniis
1289 1075 1324 1116 se
1346 1077 1434 1119 suos-

267 1159 329 1223 que
361 1137 469 1202 alebat
498 1136 688 1222 infestisque
719 1137 887 1202 itineribus
928 1145 1126 1201 commeatus
1157 1136 1340 1222 conplures,
1379 1140 1434 1224 qui

269 1221 546 1308 conportabantur
566 1223 600 1285 in
622 1220 758 1286 hiberna
779 1220 1008 1302 Romanorum,
1030 1219 1261 1306 intercipiebat

237 1305 254 1371 1
349 1305 577 1372 XXXXVIII.
606 1305 688 1369 Erat
710 1305 882 1371 attributus
912 1306 1053 1370 Antonio
1082 1304 1263 1390 praefectus
1290 1308 1434 1391 equitum

266 1390 300 1456 O.
322 1389 505 1456 Volusenus
533 1389 732 1473 Quadratus,
758 1391 814 1476 qui
841 1412 915 1455 eum
940 1411 977 1456 eo
1005 1389 1198 1454 hibernaret
1248 1390 1346 1454 Hunc
1366 1391 1432 1455 An·

235 1475 372 1540 2tonius
390 1474 707 1576 ad'persequendum
729 1477 908 1560 equitatum
930 1475 1073 1539 hostium
1099 1475 1205 1538 mittit
1248 1474 1432 1540 Volusenus

266 1560 308 1624 ad
330 1583 403 1624 eam
424 1569 589 1641 urrtutem,
612 1581 695 1644 quae
717 1559 890 1645 singularis
917 1569 985 1624 erat
1009 1561 1042 1622 in
1060 1582 1112 1640 eo,
1139 1582 1293 1644 magnum
1320 1560 1432 1624 odium

265 1643 404 1709 Commii
423 1643 631 1728 adiungebat,
671 1665 713 1708 uo
733 1643 883 1709 libentius
901 1644 937 1708 id
954 1644 1082 1726 faceret,
1101 1643 1189 1729 quod
1204 1644 1432 1729 imperabatur.
1462 1649 1482 1707 5

263 1729 378 1814 Itaque
400 1728 564 1814 dispositis
586 1729 647 1792 insi
673 1730 710 1792 'is
729 1730 858 1814 saepius
876 1729 1000 1815 equites
1019 1730 1086 1794 eius
1105 1728 1276 1814 adgressus
1292 1730 1433 1794 secunda

234 1813 388 1900 3proelia
426 1812 574 1878 faciebat
624 1813 821 1895 Nouissime,
851 1837 926 1878 cum
955 1815 1151 1878 neementius
1191 1813 1432 1878 contenderetur

265 1919 303 1962 ac
316 1897 501 1962 Volusenus
519 1899 620 1982 ipsius
642 1898 864 1983 intercipiendi
881 1897 1021 1964 Commii
1039 1898 1216 1983 cupiditate
1236 1899 1431 1983 pertinacius

264 2004 338 2047 eum
364 2003 438 2045 cum
463 1983 577 2067 paucis
603 1983 765 2046 insecutus
796 1992 891 2066 esset,
921 1983 976 2048 ille
1007 1992 1115 2048 autern
1144 1983 1225 2068 fuga
1252 1982 1431 2048 uehementi

263 2066 464 2131 Volusenum
477 2066 686 2151 produxisset
700 2066 835 2152 longius,
853 2067 1003 2132 iuimicus
1018 2067 1140 2132 homini
1155 2076 1285 2153 repente
1300 2090 1431 2132 suorum
1442 2074 1482 2132 10

263 2153 393 2215 inuocat
414 2149 512 2215 fidem
536 2161 632 2236 atque
655 2151 826 2234 auxilium,
856 2175 897 2217 ne
923 2174 983 2217 sua
1008 2151 1142 2217 uolnera
1171 2175 1230 2238 per
1259 2150 1357 2216 fidem
1384 2154 1430 2217 in-

264 2237 371 2320 posita
397 2243 584 2320 paterentur
600 2237 757 2321 inpunita,
779 2258 1039 2322 conuersaquee
1062 2259 1104 2300 uo
1135 2259 1169 2300 se
1195 2258 1215 2301 a
1241 2238 1354 2302 ceteris
1384 2239 1430 2301 in·

233 2320 389 2384 4eautius
411 2321 568 2404 permittit
588 2321 622 2383 in
638 2321 847 2406 praefectum.
891 2322 1029 2386 Faciunt
1041 2259 1108 2386 boc
1130 2321 1217 2385 idem
1235 2343 1345 2386 omnes
1363 2323 1430 2386 eius

235 2404 388 2488 bequites
410 2425 597 2490 paucosque
618 2415 745 2471 nostros
769 2415 958 2471 conuertunt
980 2415 1077 2492 atque
1098 2407 1293 2492 insequetur.
1337 2405 1430 2471 Com·

333 2585 496 2644 xxxxvu.
524 2589 549 2643 1.
567 2589 624 2644 rur
640 2551 775 2644 elnonis
793 2589 820 2643 A
853 2590 877 2644 a.
896 2590 1036 2660 aequitacu
1052 2591 1079 2645 A
1100 2591 1125 2645 a
1135 2591 1287 2646 atrebatum
1304 2590 1339 2644 A·
1356 2553 1449 2645 urre-¹

263 2722 329 2775 bate
346 2719 375 2775 Β
392 2722 592 2794 atrebatiumss
642 2726 712 2777 esset
731 2743 748 2774 α
765 2726 923 2796 maneretss
954 2725 979 2779 4.
998 2727 1202 2780 commemoraui
1218 2727 1284 2793 (com
1302 2687 1430 2798 mouille:-

263 2807 358 2876 rauc'jlsll
368 2805 416 2875 Μ)
428 2827 446 2858 α
463 2809 724 2863 commemorauimus
742 2806 930 2878 (memorauirn'
954 2813 990 2876 T)
1009 2818 1027 2879 β
1043 2810 1068 2865 5.
1086 2812 1156 2865 esset
1173 2811 1431 2881 B¹cum1suessbA

263 2892 288 2946 6.
307 2891 479 2960 querentibus
496 2889 525 2945 Β
576 2893 600 2946 7.
619 2892 767 2946 latrociniis
784 2910 813 2947 se
831 2909 943 2964 auosque
962 2915 979 2946 c
1005 2912 1034 2949 ee
1051 2911 1162 2965 suosque
1181 2895 1366 2968 latrociniisss
1406 2899 1430 2953 8.

264 2975 401 3043 conplures
418 2974 454 3029 M
473 2977 621 3045 complures
637 2973 666 3029 B
692 2977 840 3047 cumplures
858 2978 884 3032 A
954 2979 999 3049 qui
1018 2980 1243 3049 conportabautur
1265 2981 1294 3036 in
1318 2981 1430 3038 hiberna

263 3075 429 3114 romanorum
449 3080 467 3112 α
483 3060 512 3114 in
529 3061 641 3116 hiberna
659 3059 763 3134 (bibra
783 3063 818 3132 T)
835 3079 999 3118 remanorum
1017 3065 1062 3133 qui
1080 3065 1312 3135 comportabantur
1327 3074 1353 3136 β.

333 3197 507 3251 xxxxvm.
517 3196 540 3250 1.
550 3148 693 3253 ebibatus
711 3196 740 3252 Β
756 3199 873 3253 attribu·
889 3199 917 3252 A
934 3199 958 3254 2.
975 3200 995 3270 ἑ
1012 3201 1049 3271 (ᾗ
1063 3201 1089 3256 A
1108 3200 1270 3274 .ῥ.Μῑ.Β’)
1288 3204 1431 3258 uolucenua

263 3273 415 3383 (lolusenus
429 3313 475 3384 Μ)
493 3315 703 3385 quadratus.qui
719 3332 779 3371 eum
797 3332 828 3371 eo
845 3317 1001 3374 hibernaret
1019 3340 1037 3376 α
1055 3321 1175 3391 quicum
1194 3338 1225 3376 eo
1242 3322 1381 3390 hyemaret
1400 3341 1430 3378 ,ι

262 3399 404 3452 uelusenus
421 3397 565 3467 quadratus
583 3403 603 3470 β
643 3401 667 3455 3.
685 3402 835 3470 equitatum
853 3401 973 3457 hostiurn
992 3423 1010 3456 α
1026 3405 1145 3459 hostium
1163 3406 1314 3475 equitatum
1332 3415 1351 3477 β
1401 3410 1426 3464 4.

262 3482 392 3537 uirtutem
412 3503 430 3539 α
446 3485 525 3552 parte
543 3487 627 3553 (parte
648 3484 836 3555 Duirtutess
896 3490 954 3542 erat
971 3489 998 3543 in
1017 3505 1048 3544 eo
1065 3509 1084 3546 α
1105 3490 1134 3543 in
1150 3506 1181 3544 eo
1198 3496 1293 3562 cratfl
1342 3493 1431 3548 odium

264 3565 355 3636 (bediu
372 3566 419 3636 M)
428 3568 533 3624 commii
552 3589 570 3625 α
587 3572 691 3626 commii
710 3572 798 3627 odium
816 3578 837 3646 β
868 3575 893 3630 5.
911 3591 962 3645 quo
978 3575 1034 3647 A‘ss
1048 3575 1118 3645 quod
1135 3574 1171 3630 B‘
1205 3576 1233 3630 id
1252 3597 1279 3646 α,
1297 3593 1347 3633 om.
1367 3586 1385 3647 β
1407 3581 1431 3635 6.

264 3702 368 3770 saepius
385 3700 414 3756 Β
430 3704 517 3773 sepius
533 3706 570 3759 A‘
588 3722 648 3776 sepe
665 3712 686 3780 β
701 3711 724 3764 7.
743 3709 829 3778 prelia
846 3710 873 3763 A
913 3726 946 3765 ue
965 3713 1096 3766 amentius
1114 3713 1141 3766 A
1158 3673 1344 3768 uehbmentius
1360 3713 1389 3769 Β
1405 3715 1430 3772 8.

263 3799 462 3907 intffibbpicndi
479 3839 506 3893 A
523 3841 684 3908 pertinatius
701 3841 757 3897 AB
775 3844 815 3898 10.
826 3844 992 3912 produxisset
1009 3848 1116 3917 longius
1134 3869 1153 3904 α
1170 3850 1276 3918 longius
1293 3851 1431 3919 pluuisset

263 3938 411 4010 flinimicos
420 3937 449 3993 Β
457 3944 567 4009 repente
584 3957 690 3997 suorum
700 3944 735 3998 A'
753 3962 859 4000 auorum
868 3947 905 4001 B‘
922 3950 1155 4017 repenteomnium
1173 3966 1279 4005 suorum
1293 3951 1321 4006 U
1334 3935 1431 4008 om'idm

263 4027 336 4088 suolt
348 4023 375 4076 Τ
389 4025 428 4079 11.
440 4025 548 4080 uolnera
566 4027 593 4081 A
610 4029 722 4083 uulnera
738 4029 767 4085 Β
784 4047 833 4100 per
850 4031 928 4088 fldem
946 4035 1063 4104 inposita
1082 4035 1184 4090 (ἔπιτον
1200 4051 1247 4104 per
1263 4036 1342 4092 fidem
1360 4039 1432 4092 inter

262 4107 394 4176 positae
411 4109 727 4188 pfidiainterpositaA‘fl
743 4116 783 4171 12.
795 4119 951 4185 paterentur
967 4119 1091 4187 inpunita
1102 4140 1119 4171 α
1136 4120 1225 4175 inulta
1242 4123 1397 4190 paterentur
1413 4127 1433 4194 β

262 4193 313 4261 eqo
335 4191 364 4247 Β
397 4195 439 4250 13.
457 4195 506 4250 hoc
525 4215 551 4262 α,
568 4202 657 4269 coust
690 4200 730 4254 14.
749 4203 830 4270 atque
848 4219 867 4257 α
884 4204 951 4273 οιβ
990 4204 1148 4273 insequutor
1165 4202 1194 4258 Β
1210 4205 1388 4274 insequuntur
1404 4207 1431 4260 A

264 4276 420 4332 insecuntur
437 4278 507 4335 MR.
