3310 5098
269 366 330 430 120
831 369 859 429 V

263 535 503 601 intercedebant
533 557 637 620 neque
664 536 760 599 etiam
788 533 924 619 paruulo
953 533 1140 598 detrimento
1167 532 1296 596 illorum
1318 532 1426 598 locum

263 620 401 706 relinqui
427 620 573 702 uidebat,
607 618 755 684 omnibus
783 621 848 683 suis
874 618 1092 683 incolumibus
1114 619 1215 704 copiis
1238 617 1352 683 eodem
1375 617 1427 683 die

233 705 306 771 aad
320 705 507 772 Ciceronem
524 706 677 790 peruenit.
710 703 877 774 Institutas
895 714 1006 784 turres,
1027 702 1201 768 testudines
1220 703 1425 768 munitiones·

264 813 326 876 que
347 791 488 856 hostium
511 788 703 872 admiratur,
734 789 860 874 legione
886 789 1044 874 producta
1081 789 1247 874 cognoscit
1276 810 1341 852 non
1373 787 1425 852 de·
1458 795 1476 852 5

233 876 382 941 3cimum
409 897 569 960 quemque
595 897 664 939 esse
689 873 849 959 reliquum
875 873 1010 939 militem
1038 874 1105 938 sine
1131 872 1277 938 uulnere:
1308 895 1350 936 ex
1375 873 1425 938 his

262 959 411 1026 omnibus
441 959 564 1025 iudicat
589 959 700 1041 rebus,
733 969 852 1044 quanto
877 981 950 1022 cum
976 957 1117 1045 periculo
1146 968 1178 1022 et
1204 967 1326 1043 quanta
1352 979 1425 1022 cum

261 1047 380 1110 uirtute
401 1068 452 1109 res
480 1046 543 1109 sint
569 1043 820 1109 administratae.
864 1042 1050 1108 Ciceronem
1072 1066 1131 1128 pro
1156 1045 1223 1107 eius
1246 1043 1358 1107 merito
1382 1042 1424 1108 le-

231 1131 453 1215 4gionemque
475 1129 663 1212 conlaudat3
686 1129 884 1193 centuriones
907 1128 1094 1213 singillatim
1111 1129 1321 1212 tribunosque
1343 1127 1424 1191 mili-

260 1224 327 1278 turn
360 1214 519 1301 appellat,
560 1237 697 1300 quorum
734 1215 898 1298 egregiam
933 1213 1031 1278 firisse
1059 1213 1211 1278 uirtutem
1241 1213 1422 1278 testimonio
1435 1217 1474 1274 10

260 1299 423 1365 Ciceronis
455 1309 660 1385 cognouerat
707 1299 759 1363 De
790 1320 867 1363 casu
894 1297 1009 1363 Sabini
1038 1309 1070 1362 et
1096 1296 1209 1363 Cottae
1236 1299 1351 1362 certius
1383 1320 1424 1362 ex

229 1386 396 1470 beaptiuis
427 1386 601 1470 cognoscit.
644 1383 777 1448 Postero
809 1383 860 1448 die
886 1385 1034 1449 contione
1063 1383 1175 1449 habita
1200 1405 1269 1447 rem
1299 1392 1423 1467 gestaru

229 1470 419 1555 6proponit,
450 1469 568 1534 milites
596 1469 780 1534 consolatur
806 1481 837 1532 et
868 1468 1052 1534 confirmat:
1080 1467 1168 1554 quod
1199 1467 1422 1532 detrimentum

259 1553 356 1639 culpa
377 1564 409 1619 et
440 1556 619 1619 temeritate
648 1554 748 1639 legati
774 1554 814 1617 sit
841 1563 1023 1638 acceptum,
1049 1554 1111 1619 hoc
1137 1555 1288 1638 aequiore
1314 1553 1421 1617 animo

258 1638 429 1702 ferundum
448 1639 551 1721 docet,
573 1639 668 1725 quod,
691 1638 845 1704 beneficio
865 1638 999 1703 deorum
1014 1638 1245 1704 immortalium
1261 1647 1291 1702 et
1306 1638 1423 1702 uirtute
1435 1640 1471 1698 15

259 1746 369 1787 eorum
400 1726 530 1811 expiato
560 1723 788 1805 incommodo,
823 1747 928 1810 neque
958 1723 1105 1788 hostibus
1139 1723 1262 1787 diutina
1293 1721 1420 1788 laetatio

257 1831 362 1893 neque
384 1810 395 1872 i
421 1811 463 1874 sis
486 1809 615 1894 longior
637 1808 729 1874 dolor
751 1808 957 1894 relinquatur.

230 1895 247 1957 1
343 1893 389 1957 LI
426 1945 432 1958 .
454 1894 587 1959 Interim
610 1894 652 1958 ad
678 1893 860 1958 Labienum
887 1917 945 1979 per
970 1894 1089 1958 Remos
1111 1891 1292 1957 incredibili
1314 1892 1420 1956 celeri-

258 1987 324 2043 tate
347 1978 387 2043 de
408 1981 545 2044 uictoria
567 1978 715 2044 Caesaris
737 1979 826 2043 fama
847 1978 1018 2064 perfertur,
1045 1988 1093 2059 ut,
1119 2001 1192 2042 cum
1215 1977 1256 2042 ab
1278 1976 1421 2042 hibernis

258 2062 421 2128 Ciceronis
451 2063 543 2128 milia
577 2086 731 2149 passuum
766 2063 893 2128 abesset
931 2065 1058 2128 circiter
1091 2062 1172 2144 LX,
1207 2084 1309 2147 eoque
1346 2072 1421 2147 post

257 2147 371 2213 horam
397 2173 516 2214 nonam
543 2148 606 2215 diei
632 2148 752 2214 Caesar
783 2149 995 2235 peruenisset,
1026 2158 1100 2213 ante
1128 2147 1267 2213 mediam
1293 2157 1420 2212 noctem

257 2233 300 2296 ad
321 2245 432 2319 portas
458 2245 636 2299 castrorum
658 2234 779 2299 clamor
802 2246 956 2315 oreretur,
979 2256 1042 2318 quo
1066 2233 1206 2298 clamore
1229 2234 1254 2296 si
1302 2234 1309 2248 ‘
1337 2233 1419 2296 catio
1452 2235 1470 2293 5

227 2318 412 2384 2uictoriae
440 2319 679 2405 gratulatioque
709 2318 751 2383 ab
778 2319 887 2384 Remis
914 2317 1058 2384 Labieno
1089 2318 1188 2383 fieret
1266 2341 1304 2382 ac
1333 2317 1420 2381 fama

257 2403 300 2467 ad
330 2405 488 2469 Treueros
519 2403 644 2492 perlata
683 2404 939 2485 indutiomarus,
978 2405 1033 2488 qui
1068 2413 1198 2490 postero
1230 2403 1282 2468 die
1315 2413 1421 2467 castra

256 2489 392 2554 Labieni
415 2512 606 2576 oppugnare
629 2489 822 2570 decreuerat,
843 2499 940 2555 noctu
961 2488 1107 2574 profugit
1124 2489 1298 2574 copiasque
1317 2487 1420 2552 omnis

226 2575 289 2640 3111
311 2574 473 2639 Treueros
495 2575 627 2640 reducit
664 2574 784 2640 Caesar
805 2573 947 2638 Fabium
969 2596 1042 2637 cum
1065 2596 1123 2638 sua
1144 2573 1175 2638 le
1201 2575 1272 2638 ‘one
1288 2573 1421 2639 remittit

255 2660 288 2721 in
319 2658 468 2741 hiberna,
496 2661 567 2745 ipse
596 2681 669 2723 cum
694 2658 798 2723 tribus
825 2659 1007 2744 legionibus
1035 2660 1155 2723 circum
1203 2659 1420 2724 amarobriam
1433 2662 1471 2719 10

255 2744 348 2807 trinis
370 2743 513 2809 hibernis
536 2744 678 2809 hiemare
700 2745 863 2808 constituit
885 2753 929 2826 et,
952 2743 1040 2828 quod
1061 2745 1142 2808 tanti
1163 2753 1268 2808 motus
1291 2743 1420 2810 Calliae

256 2829 443 2910 extiterant,
472 2838 574 2894 totam
600 2828 738 2892 hiemem
761 2829 772 2891 i
797 2852 831 2893 se
852 2829 896 2892 ad
918 2831 1093 2893 exercitum
1116 2851 1245 2893 manere
1272 2828 1420 2894 decreuit

224 2911 341 2976 4Nam
363 2912 417 2977 illo
440 2912 644 2979 incommodo
669 2913 709 2977 de
726 2851 838 2978 sabini
856 2922 959 2978 morte
981 2913 1104 2999 perlato
1128 2936 1237 2978 omnes
1260 2914 1326 2978 fere
1342 2914 1419 2979 Cal-

255 2996 319 3062 liae
345 2999 489 3063 ciuitates
517 2999 556 3064 dc
582 2997 667 3064 bello
699 2996 935 3080 consultabant,
963 3001 1092 3064 nuntios
1116 2997 1356 3085 legationesque
1386 3001 1419 3063 in

256 3268 280 3321 3.
299 3267 412 3338 relinqui
431 3289 450 3324 α
467 3285 510 3322 eos
528 3269 642 3338 relinqui
659 3274 680 3340 β
720 3270 802 3337 copiis
821 3289 845 3334 c,
864 3285 913 3323 om.
933 3276 950 3337 β
993 3270 1018 3323 5.
1037 3269 1152 3340 Legione
1170 3269 1297 3340 producta
1316 3290 1333 3322 α
1351 3270 1415 3325 Pro·

252 3352 333 3406 ductu
350 3352 490 3422 legiones
524 3355 549 3410 6.
567 3369 697 3423 quemquo
716 3373 734 3405 α
751 3361 946 3423 quemquamst
979 3354 1110 3424 reliquum
1138 3375 1155 3407 α
1181 3355 1340 3424 relictump
1375 3356 1417 3409 his

254 3437 388 3504 phfisM
402 3438 436 3492 iis
444 3438 509 3492 AB‘
530 3440 555 3494 7.
573 3443 742 3508 quantacun
762 3459 788 3505 α,
805 3441 906 3508 quanta
916 3446 934 3507 β
950 3440 992 3493 10.
1010 3440 1091 3495 inisse
1108 3441 1238 3495 uirtutem
1254 3460 1271 3492 α
1288 3439 1416 3494 uirtutem

1347 3537 1359 3566 0

253 3571 364 3641 1ιιίεεοβ
381 3572 422 3627 11.
442 3573 512 3627 cette
529 3572 558 3627 B
576 3573 616 3627 14.
635 3573 739 3642 equiorc
756 3574 784 3628 B
801 3575 842 3629 15.
861 3572 1000 3629 ferundum
1020 3573 1211 3644 aierendump
1230 3574 1377 3646 beneficitri)
1390 3578 1418 3630 A

256 3705 383 3760 benefitiis
405 3707 433 3762 U
463 3709 505 3764 16.
525 3708 637 3794 laetatio
654 3709 752 3779 (itacio
770 3710 808 3763 M
820 3659 911 3765 lisbio
928 3711 966 3779 Β)
986 3731 1004 3762 α
1021 3711 1111 3766 leticia
1128 3718 1154 3780 β,

321 3811 393 3862 LIII.
409 3808 434 3866 3.
445 3809 519 3864 milia
536 3826 662 3878 passuum
676 3811 777 3866 abssstr
794 3793 879 3883 (abab
901 3812 949 3881 M)
968 3813 1073 3867 circiter
1088 3830 1147 3868 ax·
1162 3819 1230 3882 cix:
1248 3813 1285 3879 B)
1305 3834 1322 3866 α
1340 3815 1416 3868 milia

251 3897 314 3960 pass
337 3909 406 3945 ·xn·
436 3889 565 3962 ab‘eetfl
624 3895 649 3949 5.
673 3900 792 3951 oreretur
817 3917 835 3948 α
861 3897 1002 3966 orireturfl
1069 3899 1093 3953 6.
1117 3898 1228 3954 uictoris
1247 3901 1275 3954 A
1326 3899 1364 3954 Ac
1387 3898 1416 3953 B

671 3992 684 4022 Θ

251 4029 274 4082 7.
293 4026 489 4083 induciomarus
506 4030 533 4084 A
567 4032 593 4087 8.
610 4033 697 4086 omnis
713 4033 742 4086 B
759 4048 849 4087 omnes
865 4034 901 4087 A⁴
946 4034 970 4086 9.
988 4048 1036 4086 sua
1052 4033 1159 4102 legione
1176 4034 1295 4090 remittit
1313 4035 1414 4105 (remit-

250 4114 293 4166 tat
311 4111 359 4178 M)
377 4113 405 4166 in
423 4113 534 4168 hiberna
552 4135 569 4166 α
587 4115 689 4184 legione
707 4117 735 4171 iu
753 4133 801 4172 sua
818 4117 935 4172 remittit
953 4117 1066 4172 hiberna
1082 4118 1182 4188 (hybna
1204 4121 1241 4184 T)
1259 4127 1276 4188 β
1311 4122 1351 4175 10.
1371 4136 1412 4174 sa·

250 4196 410 4252 marobrium
429 4198 476 4252 αΤ
489 4199 695 4255 samarobriuam
713 4200 753 4257 R*
771 4201 978 4257 samarobriuma
999 4201 1026 4257 U
1081 4205 1120 4258 11.
1140 4207 1168 4258 et
1188 4224 1214 4273 α,
1232 4213 1319 4274 omss
1372 4209 1415 4261 14.

250 4282 372 4337 ciuitatis
390 4284 425 4337 A‘
444 4285 569 4340 ciuitates
586 4289 644 4340 retr.
