3310 5098
743 437 772 496 V
1278 430 1337 495 101

178 600 310 665 flumine
330 601 529 686 tegebantur.
572 600 634 664 His
656 600 753 664 rebus
776 601 911 686 cognitis
934 624 954 665 a
975 603 1111 686 captiuis
1129 600 1369 688 perfugisque4

179 685 297 751 Caesar
318 687 496 772 praemisso
525 686 670 770 equitatu
696 686 863 750 confestim
888 684 1031 770 legiones
1062 687 1214 772 subsequi
1239 689 1339 752 iussit.

179 771 242 836 Sed
264 794 303 836 ea
325 769 486 836 celeritate
509 780 605 855 atque
632 793 669 836 eo
692 771 814 857 impetu
840 769 956 834 milites
987 772 1104 854 ierunt,
1135 795 1209 836 oum
1236 771 1369 858 capiteb

136 865 170 923 10
179 855 246 922 solo
279 879 321 920 ex
351 877 436 940 aqua
462 863 621 937 extarent,
660 865 696 920 ut
727 855 834 921 hostes
865 856 1021 941 impetum
1050 855 1214 942 legionum
1245 867 1341 942 atque

179 942 323 1088 eqnidum
346 942 501 1006 sustinere
522 963 588 1005 non
609 951 739 1027 possent
760 942 912 1027 ripasque
927 939 1122 1006 dimitterent
1139 964 1178 1006 ac
1196 965 1229 1007 se
1243 942 1341 1026 fugae

179 1049 255 1090 man
278 1034 376 1089 arent.

262 1109 406 1174 XVIIII.
437 1109 692 1193 Oasiuellaunus,
723 1120 760 1175 ut
790 1133 888 1196 supra
918 1110 1222 1193 demonstrauimus,
1253 1112 1368 1183 emnil

180 1195 325 1282 deposita
343 1218 400 1281 spe
422 1195 651 1277 contentionis,
673 1196 813 1260 dimissis
835 1195 1047 1281 amplioribus
1069 1197 1189 1281 copiis,
1210 1195 1342 1262 milibus

180 1281 305 1345 circiter
328 1289 479 1365 quattuor
500 1281 735 1346 essedariorum
761 1280 898 1364 relictis,
918 1283 1034 1346 itinera
1054 1290 1164 1345 nostra
1191 1279 1343 1346 seruabat

179 1364 375 1452 paulumque
397 1389 439 1430 ex
459 1367 515 1431 uia
541 1366 719 1432 excedebat
743 1366 883 1452 locisque
908 1367 941 1430 in
966 1365 1060 1431 editis
1083 1389 1121 1431 ae
1143 1365 1342 1430 siluestribus

152 1455 248 1516 bsese
275 1450 459 1516 occultabat
480 1460 577 1537 atque
598 1453 637 1516 iis
660 1451 861 1536 regionibus,
892 1389 1009 1537 quibus
1031 1473 1090 1516 nos
1117 1451 1179 1516 iter
1199 1450 1342 1516 facbrros

179 1546 391 1622 cognouerat,
420 1559 540 1623 pecora
565 1547 661 1622 atque
683 1537 828 1602 homines
854 1560 896 1602 ex
926 1537 1013 1621 agris
1039 1537 1074 1600 in
1095 1536 1192 1601 siluas
1216 1534 1342 1621 conpel-

93 1663 97 1672 ‚
178 1621 265 1686 lebat
286 1630 334 1704 et,
365 1643 439 1686 cum
461 1624 621 1708 equitatus
648 1631 755 1687 noster
780 1622 912 1687 liberius
929 1621 1108 1707 praedandi
1129 1621 1372 1706 uastandique2

178 1729 277 1772 causa
300 1707 389 1772 sein
411 1729 508 1792 agros
530 1709 674 1789 eiecerat,
697 1707 847 1772 omnibus
868 1707 931 1771 uiis
957 1708 1143 1792 semitisque
1164 1706 1342 1772 essedarios

178 1815 221 1856 ex
238 1790 330 1855 siluis
348 1792 515 1857 emittebat
535 1802 567 1857 et
589 1815 709 1878 magno
731 1815 805 1857 cum
826 1791 970 1878 periculo
992 1802 1176 1857 nostrerum
1198 1815 1216 1857 e
1239 1793 1342 1856 uitum

133 1883 170 1940 10
179 1899 253 1940 eum
278 1877 319 1940 iis
346 1875 543 1962 confligebat
573 1888 670 1962 atque
694 1877 757 1942 hoc
778 1887 866 1942 metu
886 1877 983 1941 latius
1005 1879 1120 1963 uagari
1141 1877 1237 1963 prohi
1260 1877 1343 1942 ebat.
1426 1943 1430 1950 ,
1522 1892 1526 1899 ·

178 1961 442 2048 Relinquebatur,
468 1971 504 2027 ut
529 1986 633 2048 neque
659 1962 786 2048 longius
814 1963 855 2028 ab
880 1962 1009 2048 agmine
1035 1962 1201 2048 legionum
1222 1961 1372 2032 discedi-'t

179 2044 300 2111 Caesar
316 2056 488 2133 pateretur,
510 2058 541 2113 et
558 2057 684 2112 tantum
705 2048 739 2112 in
761 2050 848 2133 agris
870 2047 1036 2112 uastandis
1054 2047 1274 2132 incendiisque
1296 2046 1342 2111 fa-

179 2131 299 2196 ciendis
330 2132 477 2198 hostibus
503 2143 688 2216 noceretur,
720 2143 876 2218 quantum
901 2132 1014 2197 labore
1035 2143 1142 2218 'atque
1167 2134 1279 2198 itinere
1300 2131 1343 2197 le-

179 2217 319 2300 gionarii
339 2217 457 2284 milites
479 2217 605 2284 efficere
625 2226 781 2304 poterant.

263 2302 338 2366 XX.
360 2303 494 2368 Interim
518 2304 742 2386 Trinouantes,
762 2324 864 2388 prope
885 2300 1081 2366 firmissuma
1102 2325 1213 2366 earum
1239 2301 1375 2448 regio-1¹

179 2409 257 2450 num
280 2388 411 2470 ciuitas,
433 2411 475 2453 ex
504 2410 570 2473 qua
590 2387 846 2452 Mandubracius
868 2385 1055 2451 adulescens
1078 2385 1225 2451 Caesaris
1246 2385 1270 2448 fi
1293 2406 1345 2448 em

181 2480 308 2536 secutus
335 2471 473 2537 adeum
493 2474 762 2537 incontinentem
785 2470 927 2537 Galliam
953 2480 1101 2553 uenerat,
1132 2472 1222 2535 cuius
1251 2480 1345 2556 pater

180 2557 214 2620 in
232 2579 271 2620 ee
288 2558 419 2622 ciuitate
439 2580 575 2643 reguum
599 2559 781 2643 optinuerat
796 2555 1048 2704 interfectusque
1064 2565 1134 2621 erat
1152 2579 1172 2620 a
1186 2554 1344 2620 Cassiuel-

152 2641 286 2724 blauno,
304 2643 373 2727 ipse
384 2642 463 2728 fuga
481 2653 616 2708 mortem
633 2643 802 2725 uitauerat,
820 2641 944 2726 legatos
963 2664 982 2705 a
1023 2640 1195 2706 Caesarem
1213 2642 1374 2715 mittunt2

71 2813 72 2820 ἵ
180 2726 449 2812 pollicenturque,
472 2751 540 2794 sese
562 2729 592 2792 ei
614 2727 778 2793 dedituros
800 2736 899 2813 atque
920 2728 1080 2813 imperata
1101 2725 1260 2810 facturos3
1290 2737 1374 2811 pe-3

180 2999 203 3053 7.
223 2999 272 3053 His
289 3003 310 3070 β
325 3001 362 3054 Iis
381 3021 399 3056 α
448 2961 563 3070 cognitis
581 3000 608 3054 A
659 2998 773 3068 captiuis
797 2997 969 3068 perfugisque
990 3017 1008 3050 u
1031 2998 1150 3068 perfugis
1168 2998 1346 3069 captiuisqfl

180 3084 204 3138 9.
223 3101 253 3139 eo
273 3105 298 3150 a,
316 3093 403 3155 emt
437 3086 540 3156 impetu
557 3084 619 3140 ΜΒ
635 3085 725 3154 inpdu
743 3083 770 3138 A
805 3083 846 3140 11.
865 3082 927 3152 iuge
945 3083 989 3138 A‘.

247 3224 359 3277 XVIIII.
378 3224 402 3277 1.
420 3221 492 3277 Casu
510 3221 650 3276 uellaunus
668 3218 722 3274 AB
740 3177 957 3306 crespelleunus
975 3218 1013 3272 M
1047 3219 1073 3273 2.
1091 3219 1213 3288 deposita
1229 3167 1344 3286 (aposita

180 3305 227 3372 M)
246 3322 292 3375 epe
311 3327 329 3358 α
346 3322 393 3375 spe
410 3306 567 3376 depositas
617 3305 643 3361 3.
661 3305 764 3361 itenere
781 3305 808 3360 A
852 3305 877 3359 4.
894 3303 1023 3372 inpeditis
1040 3303 1076 3357 A‘
1092 3303 1230 3373 impeditis
1247 3303 1276 3357 B
1319 3303 1344 3358 5.

557 3391 570 3430 s

180 3458 238 3497 sese
258 3460 275 3493 α
293 3449 357 3511 ees
391 3440 425 3496 iis
442 3391 493 3510 (tm
511 3393 597 3496 Mlti·
615 3442 651 3507 Β)
671 3464 688 3496 α
708 3443 762 3498 hiis
784 3445 810 3496 T
840 3444 864 3498 7.
883 3440 1028 3510 praedendi
1046 3440 1156 3511 (pdendi
1173 3439 1219 3510 A¹)
1236 3445 1344 3495 uastan-

179 3527 238 3597 diq;
258 3547 276 3579 α
293 3526 418 3582 usstandi
434 3527 560 3598 pdaudiq.
585 3535 604 3596 β
643 3528 668 3583 8.
687 3529 803 3584 eiecerat
819 3527 954 3597 (reiecerat
971 3527 1018 3592 M)
1037 3547 1055 3579 α
1072 3525 1219 3582 effunderet
1238 3532 1256 3594 β
1289 3541 1344 3579 em-

179 3629 258 3683 nibus
277 3650 294 3682 α
307 3611 350 3684 ist
371 3629 398 3684 u
411 3611 467 3684 οἵη
487 3629 514 3684 r
543 3630 594 3684 uus
613 3631 917 3703 turrecremata
935 3638 953 3700 s
988 3630 1030 3685 10.
1046 3629 1080 3682 is
1099 3648 1117 3680 α
1131 3627 1173 3682 ni
1183 3635 1209 3697 s.

247 3715 306 3770 XX.
316 3715 513 3770 l.triuoueutee
526 3715 644 3772 UTeorr.
653 3716 818 3773 trinobautes
830 3719 912 3787 eTpr.
922 3715 1082 3770 firmissuma
1091 3713 1144 3768 AB
1152 3712 1235 3766 firmis
1243 3725 1346 3768 suntme

179 3851 218 3906 M
238 3853 263 3908 2.
281 3852 485 3908 meudubreeius
505 3873 523 3906 α
540 3815 743 3909 mandibbecius
763 3856 786 3908 Τ
801 3852 1004 3912 maudmbecius
1026 3851 1054 3906 U
1076 3849 1231 3906 adulescens
1249 3847 1304 3902 AB
1320 3849 1345 3902 4.

178 3938 207 3992 in
226 3954 257 3992 ea
275 3938 386 3993 ciuitate
414 3941 462 3991 uT
491 3939 696 3993 iniennuetitius
713 3938 742 3992 in
764 3953 795 3994 ee
811 3937 925 3994 ciuitate
948 3936 975 3992 U
1006 3932 1215 3990 aliliuleuoluitus
1232 3932 1345 4002 Bmary.

180 4025 331 4092 optinuerat
348 4023 387 4077 Μ
404 4024 557 4079 obtinuerat
578 4023 633 4078 AB
656 4025 779 4078 tenuerat
797 4030 815 4092 β
866 4021 1076 4092 interfectusque
1100 4023 1159 4075 eret
1181 4017 1345 4074 eCassiuel-

179 4110 267 4178 launo]
284 4109 314 4162 iu
332 4111 372 4164 ter
395 4109 481 4164 fectus
503 4127 520 4164 a
544 4109 613 4164 cassi
636 4109 760 4163 uellauro
782 4109 889 4178 uitusq;
908 4111 966 4162 eret
992 4105 1094 4162 aeassi
1116 4102 1287 4163 uellauqu
1304 4103 1346 4157 int

226 4223 234 4252 ,
344 4247 350 4261 .
498 4179 573 4249 utet'qr
587 4195 633 4238 rret
644 4206 658 4237 a
671 4192 835 4237 eaeetuellouae.

179 4247 232 4303 leet
248 4249 252 4318 Ι
268 4263 352 4303 ecessr
369 4248 502 4303 uellauue
840 4243 881 4298 M

423 4317 465 4388 u>
