3316 5100
255 424 294 486 10
832 427 848 484 Ι

253 592 388 657 consilia
410 614 556 678 quaeque
578 593 612 656 in
641 591 753 655 castris
772 599 924 675 gerantur
950 589 1096 656 hostibus
1120 593 1294 657 enuntiari:
1317 594 1376 658 hos
1399 605 1468 662 ald

223 675 287 742 dse
313 679 454 742 coerceri
479 700 544 742 non
574 699 676 762 posse.
729 675 816 756 Quin
844 675 957 756 etiam,
993 674 1082 761 quod
1105 679 1320 742 necessariam
1349 701 1418 744 rem

253 773 382 829 coactus
405 762 539 828 Caesari
561 763 742 842 enuntiarit,
764 759 949 846 intellegere
971 783 1050 842 sese,
1073 773 1192 847 quanto
1211 762 1247 826 id
1268 784 1341 827 oum
1363 787 1417 850 pe·

252 847 354 913 riculo
378 848 496 929 fecerit,
519 858 550 911 et
572 845 613 910 ob
637 869 709 910 eam
732 867 872 927 causam,
899 867 998 930 quam
1020 846 1076 909 diu
1097 849 1245 932 potuerit,
1271 851 1417 914 tacuisse.

226 933 241 993 1
337 933 462 998 XVIII.
486 931 606 997 Caesar
628 931 690 996 hac
708 933 852 996 oratione
872 930 962 994 Lisci
983 931 1227 1018 Dumnorigem,
1254 933 1419 998 Diuiciaci

253 1019 393 1100 fratrem,
413 1018 574 1102 designari
592 1015 756 1099 sentiebat,
775 1015 840 1097 sod,
881 1016 948 1080 uod
964 1015 1113 1101 pluribus
1127 1018 1349 1104 praesentibus
1364 1041 1418 1084 eas

252 1126 302 1167 res
321 1105 436 1168 iactari
457 1101 597 1184 nolebat,
620 1101 764 1167 celeriter
787 1038 959 1167 concilium
981 1101 1122 1184 dimittit,
1143 1103 1275 1168 Liscum
1296 1105 1417 1168 retinet.

224 1187 388 1269 2Quaerit
409 1210 450 1252 ex
477 1187 546 1252 solo
575 1209 621 1270 ea,
649 1209 733 1273 quae
754 1188 788 1251 in
812 1196 972 1251 conuentu
994 1187 1129 1252 dlxerat.
1172 1189 1265 1252 Dicit
1285 1187 1418 1254 liberius

253 1284 350 1359 atque
372 1273 536 1338 audacius.
580 1273 705 1337 Eadem
728 1280 849 1336 secreto
872 1270 924 1362 ab·
939 1270 1010 1336 aliis
1037 1274 1175 1358 quaerit,
1205 1275 1324 1360 reperit
1350 1296 1419 1339 esse
1449 1282 1468 1340 5

223 1358 346 1424 3uera:
372 1359 484 1446 Ipsum
507 1379 577 1422 esse
594 1358 839 1442 Dumnorigem,
862 1380 988 1422 summa
1015 1357 1161 1440 audacia,
1184 1381 1305 1444 magna
1331 1359 1419 1446 apud

275 1444 381 1509 lehem
402 1452 535 1530 propter
556 1441 782 1507 liberalitatem
804 1445 921 1527 gratia,
948 1442 1103 1528 cupidum
1123 1466 1231 1508 rerum
1252 1465 1419 1510 nouarum.

251 1468 437 1616 IDompluris
465 1550 567 1592 annos
591 1529 736 1614 portoria
759 1527 818 1592 reli
841 1550 948 1614 uaque
970 1530 1079 1593 omnia
1103 1529 1295 1596 Aeduorum
1321 1532 1418 1594 uecti-

253 1613 343 1700 galia
360 1636 464 1700 paruo
482 1615 585 1699 pretio
604 1613 772 1698 redempta
789 1550 918 1693 ludicre,
935 1623 1106 1698 propterea
1125 1615 1213 1700 quod
1230 1614 1286 1679 illo
1305 1613 1418 1680 licente

222 1696 364 1764 Aeontra
385 1699 475 1762 liceri
498 1698 615 1763 audeat
636 1721 739 1764 nemo.
781 1698 843 1762 His
865 1697 962 1762 rebus
981 1707 1012 1762 et
1029 1721 1122 1764 suam
1139 1721 1208 1765 rem
1226 1699 1418 1764 familiarem
1430 1709 1468 1766 10

223 1781 383 1850 bauxisse
405 1793 437 1848 et
458 1783 627 1848 facultates
655 1783 698 1847 ad
724 1783 927 1868 largiendum
944 1806 1080 1868 magnas
1103 1806 1325 1871 comparasse,
1352 1809 1418 1850 ma-

253 1892 353 1955 gnum
374 1891 544 1934 numerum
562 1871 722 1954 equitatus
744 1891 802 1934 suo
821 1878 951 1954 sumptu
981 1891 1107 1956 semper
1129 1869 1214 1935 alere
1241 1880 1272 1935 et
1297 1873 1419 1934 circum

224 1953 287 2020 lise
301 1954 430 2037 habere,
447 1976 551 2040 neque
570 1954 674 2019 solum
693 1954 789 2036 dorni,
808 1954 865 2018 sed
883 1955 981 2019 etiam
999 1955 1088 2040 apud
1102 1955 1254 2020 finitimas
1273 1957 1419 2020 ciuitates

252 2040 384 2125 largiter
405 2062 510 2125 posse,
533 2049 630 2125 atque
652 2039 746 2104 huius
775 2039 939 2125 potentiae
965 2061 1065 2104 causa
1091 2050 1227 2104 matrem
1249 2043 1284 2105 in
1300 2041 1420 2105 Bituri·
1448 2115 1450 2118 ¹

225 2120 350 2211 igibus
369 2126 491 2190 homini
506 2124 572 2189 illie
585 2123 787 2189 nobilissimo
809 2147 847 2188 ac
861 2126 1085 2210 potentissimo
1102 2125 1296 2208 conlocasse,
1314 2128 1421 2211 ipsum
1433 2133 1470 2190 15

253 2233 295 2274 ex
316 2209 475 2275 Heluetiis
496 2233 634 2275 uxorem
661 2210 789 2292 habere,
812 2232 956 2274 sororem
980 2233 1022 2274 ex
1043 2221 1146 2275 matre
1168 2220 1199 2276 et
1220 2213 1420 2297 propinquas

223 2291 328 2360 8suas
354 2306 491 2382 nuptum
517 2297 551 2360 in
578 2296 658 2360 alias
691 2296 839 2359 ciuitates
867 2294 1050 2360 collocasse.
1094 2296 1220 2361 Fauere
1246 2306 1277 2360 et
1304 2318 1420 2382 cupere

252 2380 410 2446 Heluetiis
434 2392 565 2467 propter
596 2403 667 2445 eam
693 2380 910 2462 adfinitatem,
946 2380 1053 2446 odisse
1079 2383 1178 2446 etiam
1204 2404 1262 2446 suo
1293 2384 1421 2446 nomine

254 2465 425 2531 Caesarem
452 2476 484 2530 et
506 2467 678 2548 Romanos,
706 2466 795 2553 quod
817 2489 928 2532 eorum
950 2466 1092 2531 aduentu
1113 2469 1259 2553 potentia
1281 2469 1349 2532 eius
1368 2466 1420 2530 de-

253 2554 377 2616 minuta
400 2561 431 2617 et
448 2552 640 2616 Diuiciacus
669 2551 769 2616 frater
790 2553 825 2615 in
847 2554 914 2616 anti
938 2575 1016 2615 uum
1038 2550 1145 2616 locum
1173 2554 1297 2636 gratiae
1325 2561 1421 2638 atquo
1432 2558 1471 2615 20

224 2632 382 2701 9honoris
401 2639 442 2701 sit
449 2638 622 2701 restitutus.
654 2637 772 2722 Siquid
791 2574 1090 2719 accidatldomanis,
1108 2660 1269 2702 summam
1287 2639 1421 2723 inspem

253 2744 313 2808 per
320 2721 487 2786 Heluetios
505 2723 597 2806 regni
607 2720 771 2807 optinendi
789 2723 914 2804 uenire3
931 2724 1067 2807 imperio
1084 2721 1197 2809 populi
1207 2723 1347 2786 Romani
1357 2743 1422 2785 non

254 2806 351 2870 modo
368 2806 407 2870 de
424 2829 534 2892 regum,
552 2805 610 2870 sed
628 2807 726 2870 etiam
740 2806 781 2869 de
794 2829 841 2888 ea,
880 2829 958 2870 uam
971 2806 1098 2890 habeat,
1117 2808 1223 2892 gratia
1243 2806 1422 2893 desperare

205 2887 245 2951 10
254 2891 450 2977 Reperiebat
467 2894 566 2956 etiam
588 2894 622 2956 in
645 2891 826 2978 quaerendo
875 2914 975 2973 aesar,
994 2893 1082 2977 quod
1098 2891 1258 2978 proelium
1276 2902 1423 2978 equestre

255 2977 429 3041 aduersum
450 2977 563 3063 paucis
588 2987 661 3041 ante
683 2975 796 3041 diebus
820 2987 903 3041 esset
926 2976 1206 3060 foemininum
1233 2979 1302 3042 eius
1325 2976 1423 3062 fugae
1432 2981 1472 3039 25

255 3061 378 3126 factum
397 3063 593 3126 aDumnori
617 3073 749 3148 eatque
768 3063 835 3126 eius
854 3061 1016 3147 equitibus
1036 3066 1123 3144 (nam
1142 3064 1308 3148 equitatui,
1327 3084 1423 3148 quem

256 3146 379 3212 auxilio
391 3146 522 3212 Caesari
530 3085 640 3213 Aedui
648 3149 810 3231 miserant,
827 3148 1013 3212 Dumnorix
1022 3151 1197 3234 praeerat):
1215 3171 1326 3213 eorum
1344 3147 1423 3231 fuga

255 3231 415 3317 reliquum
438 3256 507 3297 esse
530 3233 711 3318 equitatum
732 3234 944 3319 perterritum.

229 3319 243 3379 l
339 3318 483 3383 XVIIII.
507 3317 633 3398 Quibus
659 3318 756 3383 rebus
783 3320 939 3404 cognitis,
970 3340 1044 3382 oum
1072 3318 1114 3382 ad
1138 3318 1197 3383 has
1225 3318 1423 3404 suspiciones

256 3403 453 3467 certissimae
471 3426 521 3467 res
545 3404 740 3486 accederent,
770 3404 858 3490 quod
880 3403 1036 3489 perfines
1060 3403 1284 3489 Sequanorum
1306 3402 1423 3468 Helue·

1129 3500 1154 3529 ΟΕ

257 3539 295 3592 10.
323 3554 404 3607 queq3
422 3539 450 3592 A
485 3540 526 3593 11.
544 3538 718 3593 necessariam
737 3541 792 3611 A‘fl
808 3539 958 3594 necessaria
977 3538 1005 3593 R
1040 3539 1081 3596 12.
1095 3500 1226 3605 (rioribus
1244 3540 1279 3594 A.

324 3622 421 3677 XVIII.
441 3623 526 3679 l.hao
543 3625 582 3677 A¹
617 3624 792 3692 2.psentibus
810 3625 844 3677 A'
885 3624 909 3677 4.
921 3624 1008 3692 querit
1026 3625 1061 3677 A‘
1097 3625 1120 3678 5.
1139 3623 1264 3677 audatius
1273 3623 1308 3676 A‘
1335 3623 1359 3677 6.
1376 3623 1425 3679 uia

256 3708 282 3760 A
317 3707 386 3776 apub
409 3709 449 3761 A1
491 3709 515 3762 9.
534 3708 620 3778 pretio
637 3710 665 3762 A
708 3709 807 3763 licente
824 3707 889 3762 A‘R
906 3707 1048 3779 dicentes?
1090 3709 1131 3764 10.
1149 3707 1224 3762 liceri
1241 3707 1330 3762 Aldus
1347 3707 1426 3763 licere

255 3843 320 3898 A‘R
338 3843 462 3915 diceress
504 3845 545 3898 11.
564 3805 723 3912 largiindum
740 3845 768 3898 A
811 3846 852 3900 12.
871 3805 1043 3915 equitatutirr)
1063 3845 1091 3898 A
1133 3844 1174 3898 14.
1201 3842 1365 3938 ulturIgibus
1384 3842 1431 3898 αΤ

257 3980 417 4050 bitorigibus
439 3979 466 4034 U
497 3981 590 4035 16.18.
605 3981 726 4034 heluitiis
744 3982 772 4034 A
789 3982 910 4037 helquiis
928 3981 966 4035 M
998 3982 1036 4036 18.
1049 3940 1164 4037 odisseA
1191 3981 1231 4035 19.
1251 3941 1427 4048 ddminutaA

1163 4065 1254 4117 (tetta)

257 4167 433 4223 remouens
451 4169 478 4221 A
503 4167 630 4222 sursus
647 4167 685 4221 M
720 4128 878 4236 <isarnum
899 4170 927 4222 A
961 4169 1002 4222 23.
1022 4168 1054 4223 ue
1072 4169 1113 4238 a]
1134 4078 1271 4238 (gdipisin
1305 4167 1345 4221 25.
1365 4166 1427 4235 ruge

256 4252 283 4304 A
317 4252 357 4308 26.
377 4252 533 4320 domnorige
551 4253 577 4305 A
595 4251 760 4339 dumpdrige
778 4252 816 4306 M
847 4253 919 4322 eius]
934 4269 984 4307 oro.
1007 4254 1033 4307 A
1069 4254 1110 4309 27.
1128 4253 1209 4308 hedui
1226 4252 1269 4306 A‘.

325 4359 435 4411 XVIIII.
453 4355 477 4407 2.
496 4355 624 4410 heluities
641 4355 668 4410 A
685 4353 812 4409 heluicios
830 4353 868 4407 M
